{
  "LastUpdate": "0001-01-01T00:00:00Z",
  "General": {
    "Code": "1526",
    "Type": "Common Stock",
    "Name": "Sun Race Sturmey-Archer Inc",
    "Exchange": "TW",
    "CurrencyCode": "TWD",
    "CurrencyName": "New Taiwan Dollar",
    "CurrencySymbol": "NT$",
    "CountryName": "Taiwan",
    "CountryISO": "TW",
    "Sector": "Consumer Cyclical",
    "Industry": "Auto Parts",
    "Description": "Sun Race Sturmey-Archer Inc. provides bicycle components worldwide. Its products include bottom brackets, brakes, cassettes, chains, free wheels, front cranksets, front and rear derailleurs, hubs, outer casings/inner cables, shifters, and service parts. The company was formerly known as Roots Enterprise Co., Ltd. and changed its name to Sun Race Sturmey-Archer Inc. in 2001. Sun Race Sturmey-Archer Inc. was founded in 1902 and is based in Taoyuan, Taiwan.",
    "ISIN": "TW0001526002",
    "FullTimeEmployees": 0,
    "UpdatedAt": "2019-11-27",
    "LogoURL": "",
    "CIK": "",
    "EmployerIdNumber": "",
    "FiscalYearEnd": "December",
    "InternationalDomestic": "International",
    "GicSector": "Consumer Discretionary",
    "GicGroup": "Consumer Durables \u0026 Apparel",
    "GicIndustry": "Leisure Products",
    "GicSubIndustry": "Leisure Products",
    "Address": "No.51, Haishan Central Street\n33856,Taoyuan,TWN\n",
    "Phone": "886 3 354 3900",
    "WebURL": "www.sunrace.com"
  },
  "Highlights": {
    "MarketCapitalization": "1518000000",
    "MarketCapitalizationMln": "1518.0000",
    "EBITDA": "136408992",
    "PERatio": "15.5692",
    "PEGRatio": "0",
    "BookValue": "16.333",
    "DividendShare": "1",
    "DividendYield": "0.0407",
    "EarningsShare": "1.625",
    "MostRecentQuarter": "2019-09-30",
    "ProfitMargin": "0.0786",
    "OperatingMarginTTM": "0.088",
    "ReturnOnAssetsTTM": "0.0367",
    "ReturnOnEquityTTM": "0.1061",
    "RevenueTTM": "1201885952",
    "RevenuePerShareTTM": "20.695",
    "QuarterlyRevenueGrowthYOY": "-0.106",
    "GrossProfitTTM": "326546000",
    "DilutedEpsTTM": "1.625",
    "QuarterlyEarningsGrowthYOY": "-0.709"
  },
  "Valuation": {
    "TrailingPE": "15.5692",
    "PriceBookMRQ": "1.549",
    "EnterpriseValueRevenue": "1.306",
    "EnterpriseValueEbitda": "11.504"
  },
  "Technicals": {
    "Beta": "1.7283",
    "52WeekHigh": "32.95",
    "52WeekLow": "23.5",
    "50DayMA": "25.5819",
    "200DayMA": "28.4703"
  },
  "SplitsDividends": {
    "ForwardAnnualDividendRate": "1",
    "ForwardAnnualDividendYield": "0.0407",
    "PayoutRatio": "0.6016",
    "DividendDate": "0000-00-00",
    "ExDividendDate": "2019-08-29",
    "LastSplitDate": "0000-00-00",
    "NumberDividendsByYear": [
      {
        "Year": 2016,
        "Count": 1
      },
      {
        "Year": 2017,
        "Count": 1
      },
      {
        "Year": 2018,
        "Count": 1
      },
      {
        "Year": 2019,
        "Count": 1
      }
    ]
  },
  "Earnings": {},
  "Financials": {
    "Balance_Sheet": {
      "currency_symbol": "TWD",
      "quarterly": [
        {
          "date": "2019-09-30",
          "currency_symbol": "TWD",
          "intangibleAssets": "2696000",
          "totalLiab": "694845000",
          "totalStockholderEquity": "979963000",
          "otherCurrentLiab": "135993000",
          "totalAssets": "1674808000",
          "commonStock": "600000000",
          "otherCurrentAssets": "1158000",
          "retainedEarnings": "349611000",
          "otherLiab": "21762000",
          "otherAssets": "37555000",
          "cash": "292298000",
          "totalCurrentLiabilities": "672548000",
          "shortLongTermDebt": "30000000",
          "otherStockholderEquity": "-17241000",
          "propertyPlantEquipment": "564373000",
          "totalCurrentAssets": "1070184000",
          "netTangibleAssets": "977267000",
          "netReceivables": "193763000",
          "inventory": "577870000",
          "accountsPayable": "195240000"
        },
        {
          "date": "2019-06-30",
          "currency_symbol": "TWD",
          "intangibleAssets": "2743000",
          "totalLiab": "706304000",
          "totalStockholderEquity": "973601000",
          "otherCurrentLiab": "215235000",
          "totalAssets": "1679905000",
          "commonStock": "600000000",
          "otherCurrentAssets": "950000",
          "retainedEarnings": "335522000",
          "otherLiab": "22390000",
          "otherAssets": "33734000",
          "cash": "230067000",
          "totalCurrentLiabilities": "563091000",
          "shortLongTermDebt": "30000000",
          "otherStockholderEquity": "-9514000",
          "propertyPlantEquipment": "569162000",
          "totalCurrentAssets": "1074266000",
          "netTangibleAssets": "970858000",
          "netReceivables": "235252000",
          "longTermDebt": "120000000",
          "inventory": "603690000",
          "accountsPayable": "222717000"
        },
        {
          "date": "2019-03-31",
          "currency_symbol": "TWD",
          "intangibleAssets": "2872000",
          "totalLiab": "769696000",
          "totalStockholderEquity": "1001020000",
          "otherCurrentLiab": "156645000",
          "totalAssets": "1770716000",
          "commonStock": "600000000",
          "otherCurrentAssets": "489000",
          "retainedEarnings": "359931000",
          "otherLiab": "23497000",
          "otherAssets": "32919000",
          "cash": "280748000",
          "totalCurrentLiabilities": "484870000",
          "shortLongTermDebt": "30000000",
          "otherStockholderEquity": "-6504000",
          "propertyPlantEquipment": "562107000",
          "totalCurrentAssets": "1172818000",
          "netTangibleAssets": "998148000",
          "netReceivables": "224906000",
          "longTermDebt": "260000000",
          "inventory": "659387000",
          "accountsPayable": "194715000"
        },
        {
          "date": "2018-12-31",
          "currency_symbol": "TWD",
          "intangibleAssets": "3001000",
          "totalLiab": "750998000",
          "totalStockholderEquity": "986637000",
          "otherCurrentLiab": "171678000",
          "totalAssets": "1737635000",
          "commonStock": "600000000",
          "otherCurrentAssets": "715000",
          "retainedEarnings": "350579000",
          "otherLiab": "24708000",
          "otherAssets": "63907000",
          "cash": "253369000",
          "totalCurrentLiabilities": "516290000",
          "shortLongTermDebt": "30000000",
          "otherStockholderEquity": "-11535000",
          "propertyPlantEquipment": "520202000",
          "totalCurrentAssets": "1150525000",
          "netTangibleAssets": "983636000",
          "netReceivables": "220006000",
          "longTermDebt": "210000000",
          "inventory": "667928000",
          "accountsPayable": "220022000"
        },
        {
          "date": "2018-09-30",
          "currency_symbol": "TWD",
          "intangibleAssets": "3130000",
          "totalLiab": "1128124000",
          "totalStockholderEquity": "802274000",
          "otherCurrentLiab": "199900000",
          "totalAssets": "1930398000",
          "commonStock": "500000000",
          "otherCurrentAssets": "1576000",
          "retainedEarnings": "315700000",
          "otherLiab": "22432000",
          "otherAssets": "61686000",
          "cash": "342696000",
          "totalCurrentLiabilities": "845692000",
          "shortLongTermDebt": "30000000",
          "otherStockholderEquity": "-13426000",
          "propertyPlantEquipment": "502638000",
          "totalCurrentAssets": "1362944000",
          "netTangibleAssets": "799144000",
          "netReceivables": "257656000",
          "longTermDebt": "260000000",
          "inventory": "754861000",
          "accountsPayable": "331191000"
        },
        {
          "date": "2018-06-30",
          "filing_date": "0000-00-00",
          "currency_symbol": "TWD",
          "intangibleAssets": "3259000",
          "totalLiab": "1138578000",
          "totalStockholderEquity": "770712000",
          "otherCurrentLiab": "232901000",
          "totalAssets": "1909290000",
          "commonStock": "500000000",
          "otherCurrentAssets": "6823000",
          "retainedEarnings": "276165000",
          "otherLiab": "23733000",
          "otherAssets": "62467000",
          "cash": "421785000",
          "totalCurrentLiabilities": "854845000",
          "shortLongTermDebt": "30000000",
          "otherStockholderEquity": "-5453000",
          "propertyPlantEquipment": "491075000",
          "totalCurrentAssets": "1352489000",
          "netTangibleAssets": "767453000",
          "netReceivables": "237587000",
          "longTermDebt": "260000000",
          "inventory": "681379000",
          "accountsPayable": "342139000"
        },
        {
          "date": "2018-03-31",
          "filing_date": "0000-00-00",
          "currency_symbol": "TWD",
          "intangibleAssets": "3388000",
          "totalLiab": "1198736000",
          "totalStockholderEquity": "786157000",
          "otherCurrentLiab": "215497000",
          "totalAssets": "1984893000",
          "commonStock": "500000000",
          "otherCurrentAssets": "8071000",
          "retainedEarnings": "288173000",
          "otherLiab": "23132000",
          "otherAssets": "70821000",
          "cash": "541147000",
          "totalCurrentLiabilities": "915604000",
          "shortLongTermDebt": "30000000",
          "otherStockholderEquity": "-2016000",
          "propertyPlantEquipment": "488982000",
          "totalCurrentAssets": "1425090000",
          "netTangibleAssets": "782769000",
          "shortTermInvestments": "46210000",
          "netReceivables": "232386000",
          "longTermDebt": "260000000",
          "inventory": "597276000",
          "accountsPayable": "339281000"
        },
        {
          "date": "2017-12-31",
          "filing_date": "0000-00-00",
          "currency_symbol": "TWD",
          "intangibleAssets": "3517000",
          "totalLiab": "1402924000",
          "totalStockholderEquity": "759531000",
          "otherCurrentLiab": "296927000",
          "totalAssets": "2162455000",
          "commonStock": "500000000",
          "otherCurrentAssets": "9249000",
          "retainedEarnings": "264813000",
          "otherLiab": "23465000",
          "otherAssets": "66889000",
          "cash": "623277000",
          "totalCurrentLiabilities": "1118450000",
          "shortLongTermDebt": "31667000",
          "otherStockholderEquity": "-5282000",
          "propertyPlantEquipment": "460087000",
          "totalCurrentAssets": "1635479000",
          "netTangibleAssets": "756014000",
          "shortTermInvestments": "235404000",
          "netReceivables": "265053000",
          "longTermDebt": "260000000",
          "inventory": "502496000",
          "accountsPayable": "339589000"
        },
        {
          "date": "2017-09-30",
          "filing_date": "0000-00-00",
          "currency_symbol": "TWD",
          "intangibleAssets": "69000",
          "totalLiab": "1140144000",
          "totalStockholderEquity": "735324000",
          "otherCurrentLiab": "104077000",
          "totalAssets": "1875468000",
          "commonStock": "500000000",
          "otherCurrentAssets": "27861000",
          "retainedEarnings": "240094000",
          "otherLiab": "20988000",
          "otherAssets": "58720000",
          "cash": "352323000",
          "totalCurrentLiabilities": "855294000",
          "shortLongTermDebt": "32500000",
          "otherStockholderEquity": "-4770000",
          "propertyPlantEquipment": "436204000",
          "totalCurrentAssets": "1380544000",
          "netTangibleAssets": "735255000",
          "netReceivables": "268292000",
          "longTermDebt": "260000000",
          "inventory": "489457000",
          "accountsPayable": "324057000"
        },
        {
          "date": "2017-06-30",
          "filing_date": "0000-00-00",
          "currency_symbol": "TWD",
          "intangibleAssets": "165000",
          "totalLiab": "1073457000",
          "totalStockholderEquity": "660090000",
          "otherCurrentLiab": "129225000",
          "totalAssets": "1733547000",
          "commonStock": "500000000",
          "otherCurrentAssets": "11565000",
          "retainedEarnings": "166230000",
          "otherLiab": "21263000",
          "otherAssets": "56894000",
          "cash": "361525000",
          "totalCurrentLiabilities": "816640000",
          "shortLongTermDebt": "622545000",
          "otherStockholderEquity": "-6140000",
          "propertyPlantEquipment": "434101000",
          "totalCurrentAssets": "1242552000",
          "netTangibleAssets": "659925000",
          "netReceivables": "223007000",
          "longTermDebt": "230000000",
          "inventory": "461830000",
          "accountsPayable": "294870000"
        },
        {
          "date": "2017-03-31",
          "filing_date": "0000-00-00",
          "currency_symbol": "TWD",
          "intangibleAssets": "260000",
          "totalLiab": "775560000",
          "totalStockholderEquity": "635384000",
          "otherCurrentLiab": "51505000",
          "totalAssets": "1410944000",
          "commonStock": "500000000",
          "otherCurrentAssets": "4672000",
          "retainedEarnings": "143008000",
          "otherLiab": "21518000",
          "otherAssets": "68276000",
          "cash": "227071000",
          "totalCurrentLiabilities": "520595000",
          "shortLongTermDebt": "497038000",
          "otherStockholderEquity": "-7624000",
          "propertyPlantEquipment": "434224000",
          "totalCurrentAssets": "908444000",
          "netTangibleAssets": "635124000",
          "shortTermInvestments": "10972000",
          "netReceivables": "191164000",
          "longTermDebt": "230000000",
          "inventory": "420144000",
          "accountsPayable": "202052000"
        },
        {
          "date": "2016-12-31",
          "filing_date": "0000-00-00",
          "currency_symbol": "TWD",
          "intangibleAssets": "356000",
          "totalLiab": "760579000",
          "totalStockholderEquity": "667683000",
          "otherCurrentLiab": "58095000",
          "totalAssets": "1428262000",
          "commonStock": "500000000",
          "otherCurrentAssets": "15232000",
          "retainedEarnings": "171453000",
          "otherLiab": "21761000",
          "otherAssets": "58499000",
          "cash": "285178000",
          "totalCurrentLiabilities": "502141000",
          "shortLongTermDebt": "482250000",
          "otherStockholderEquity": "-3770000",
          "propertyPlantEquipment": "435709000",
          "totalCurrentAssets": "934054000",
          "netTangibleAssets": "667327000",
          "shortTermInvestments": "11488000",
          "netReceivables": "188291000",
          "longTermDebt": "231250000",
          "inventory": "407786000",
          "accountsPayable": "193046000"
        },
        {
          "date": "2016-09-30",
          "currency_symbol": "TWD",
          "intangibleAssets": "452000",
          "totalLiab": "745624000",
          "totalStockholderEquity": "631359000",
          "otherCurrentLiab": "61903000",
          "totalAssets": "1376983000",
          "commonStock": "500000000",
          "otherCurrentAssets": "4341000",
          "retainedEarnings": "133837000",
          "otherLiab": "23551000",
          "otherAssets": "67495000",
          "totalCurrentLiabilities": "486125000",
          "propertyPlantEquipment": "435786000",
          "netReceivables": "198942000",
          "longTermDebt": "232500000",
          "inventory": "437721000",
          "accountsPayable": "217901000"
        },
        {
          "date": "2016-06-30",
          "currency_symbol": "TWD",
          "intangibleAssets": "650000",
          "totalLiab": "717436000",
          "totalStockholderEquity": "630248000",
          "otherCurrentLiab": "65447000",
          "totalAssets": "1347684000",
          "commonStock": "500000000",
          "otherCurrentAssets": "4669000",
          "retainedEarnings": "129926000",
          "otherLiab": "23779000",
          "otherAssets": "65897000",
          "totalCurrentLiabilities": "456482000",
          "propertyPlantEquipment": "434617000",
          "netReceivables": "190781000",
          "longTermDebt": "233750000",
          "inventory": "443161000",
          "accountsPayable": "224945000"
        },
        {
          "date": "2016-03-31",
          "currency_symbol": "TWD",
          "intangibleAssets": "848000",
          "totalLiab": "689503000",
          "totalStockholderEquity": "613692000",
          "otherCurrentLiab": "55772000",
          "totalAssets": "1303195000",
          "commonStock": "500000000",
          "otherCurrentAssets": "42685000",
          "retainedEarnings": "111297000",
          "otherLiab": "25628000",
          "otherAssets": "31105000",
          "totalCurrentLiabilities": "425393000",
          "propertyPlantEquipment": "435238000",
          "netReceivables": "195272000",
          "longTermDebt": "235000000",
          "inventory": "430896000",
          "accountsPayable": "181621000"
        },
        {
          "date": "2015-12-31",
          "currency_symbol": "TWD",
          "intangibleAssets": "1046000",
          "totalLiab": "705580000",
          "totalStockholderEquity": "602980000",
          "otherCurrentLiab": "48568000",
          "totalAssets": "1308560000",
          "commonStock": "500000000",
          "otherCurrentAssets": "4278000",
          "retainedEarnings": "100222000",
          "otherLiab": "29105000",
          "otherAssets": "28419000",
          "totalCurrentLiabilities": "466386000",
          "propertyPlantEquipment": "436191000",
          "netReceivables": "210808000",
          "longTermDebt": "206250000",
          "inventory": "410994000",
          "accountsPayable": "216520000"
        },
        {
          "date": "2015-09-30",
          "currency_symbol": "TWD",
          "intangibleAssets": "1276000",
          "totalLiab": "752987000",
          "totalStockholderEquity": "613655000",
          "otherCurrentLiab": "36930000",
          "totalAssets": "1366642000",
          "commonStock": "500000000",
          "otherCurrentAssets": "15390000",
          "retainedEarnings": "107697000",
          "otherLiab": "19731000",
          "otherAssets": "47648000",
          "totalCurrentLiabilities": "498464000",
          "propertyPlantEquipment": "414270000",
          "netReceivables": "216137000",
          "longTermDebt": "227500000",
          "inventory": "398541000",
          "accountsPayable": "249234000"
        },
        {
          "date": "2015-06-30",
          "currency_symbol": "TWD",
          "intangibleAssets": "1522000",
          "totalLiab": "719613000",
          "totalStockholderEquity": "560963000",
          "otherCurrentLiab": "37011000",
          "totalAssets": "1280576000",
          "commonStock": "500000000",
          "otherCurrentAssets": "3293000",
          "retainedEarnings": "59318000",
          "otherLiab": "19980000",
          "otherAssets": "47044000",
          "totalCurrentLiabilities": "467391000",
          "propertyPlantEquipment": "403712000",
          "netReceivables": "222503000",
          "longTermDebt": "228750000",
          "inventory": "357019000",
          "accountsPayable": "236811000"
        },
        {
          "date": "2015-03-31",
          "currency_symbol": "TWD",
          "intangibleAssets": "1768000",
          "totalLiab": "593277000",
          "totalStockholderEquity": "542168000",
          "otherCurrentLiab": "37573000",
          "totalAssets": "1135445000",
          "commonStock": "500000000",
          "otherCurrentAssets": "5425000",
          "retainedEarnings": "39991000",
          "otherLiab": "20201000",
          "otherAssets": "42897000",
          "totalCurrentLiabilities": "309925000",
          "propertyPlantEquipment": "403675000",
          "netReceivables": "176676000",
          "longTermDebt": "260000000",
          "inventory": "336383000",
          "accountsPayable": "186567000"
        },
        {
          "date": "2014-12-31",
          "currency_symbol": "TWD",
          "intangibleAssets": "2013000",
          "totalLiab": "507234000",
          "totalStockholderEquity": "538124000",
          "otherCurrentLiab": "45336000",
          "totalAssets": "1045358000",
          "commonStock": "500000000",
          "otherCurrentAssets": "3538000",
          "retainedEarnings": "35507000",
          "otherLiab": "20426000",
          "otherAssets": "39667000",
          "totalCurrentLiabilities": "238276000",
          "propertyPlantEquipment": "401351000",
          "netReceivables": "174223000",
          "longTermDebt": "246250000",
          "inventory": "311442000",
          "accountsPayable": "176283000"
        },
        {
          "date": "2014-09-30",
          "currency_symbol": "TWD",
          "intangibleAssets": "1174000",
          "totalLiab": "477403000",
          "totalStockholderEquity": "521085000",
          "otherCurrentLiab": "30412000",
          "totalAssets": "998488000",
          "commonStock": "500000000",
          "otherCurrentAssets": "6216000",
          "retainedEarnings": "19728000",
          "otherLiab": "20307000",
          "otherAssets": "39406000",
          "totalCurrentLiabilities": "242956000",
          "propertyPlantEquipment": "402784000",
          "netReceivables": "131754000",
          "longTermDebt": "212500000",
          "inventory": "300569000",
          "accountsPayable": "150583000"
        },
        {
          "date": "2014-06-30",
          "currency_symbol": "TWD",
          "intangibleAssets": "1305000",
          "totalLiab": "470156000",
          "totalStockholderEquity": "508208000",
          "otherCurrentLiab": "27212000",
          "totalAssets": "978364000",
          "commonStock": "500000000",
          "otherCurrentAssets": "2781000",
          "retainedEarnings": "7718000",
          "otherLiab": "20503000",
          "otherAssets": "30140000",
          "totalCurrentLiabilities": "224800000",
          "propertyPlantEquipment": "404616000",
          "netReceivables": "129755000",
          "longTermDebt": "223750000",
          "inventory": "294576000",
          "accountsPayable": "148421000"
        },
        {
          "date": "2014-03-31",
          "currency_symbol": "TWD",
          "intangibleAssets": "1540000",
          "totalLiab": "500904000",
          "totalStockholderEquity": "495324000",
          "otherCurrentLiab": "26597000",
          "totalAssets": "996228000",
          "commonStock": "500000000",
          "otherCurrentAssets": "4188000",
          "otherLiab": "20705000",
          "otherAssets": "30576000",
          "totalCurrentLiabilities": "254277000",
          "propertyPlantEquipment": "405630000",
          "netReceivables": "132354000",
          "longTermDebt": "225000000",
          "inventory": "300240000",
          "accountsPayable": "140565000"
        },
        {
          "date": "2013-12-31",
          "currency_symbol": "TWD",
          "intangibleAssets": "1778000",
          "totalLiab": "527629000",
          "totalStockholderEquity": "482557000",
          "otherCurrentLiab": "34490000",
          "totalAssets": "1010186000",
          "commonStock": "500000000",
          "otherCurrentAssets": "1399000",
          "otherLiab": "20906000",
          "otherAssets": "31187000",
          "totalCurrentLiabilities": "280473000",
          "propertyPlantEquipment": "406828000",
          "netReceivables": "144311000",
          "longTermDebt": "226250000",
          "inventory": "304793000",
          "accountsPayable": "153174000"
        },
        {
          "date": "2013-09-30",
          "currency_symbol": "TWD",
          "intangibleAssets": "1977000",
          "totalLiab": "507983000",
          "totalStockholderEquity": "471084000",
          "otherCurrentLiab": "24938000",
          "totalAssets": "979067000",
          "commonStock": "500000000",
          "otherCurrentAssets": "3279000",
          "otherLiab": "22808000",
          "otherAssets": "32473000",
          "totalCurrentLiabilities": "256008000",
          "propertyPlantEquipment": "409368000",
          "netReceivables": "121158000",
          "longTermDebt": "229167000",
          "inventory": "313899000",
          "accountsPayable": "139120000"
        },
        {
          "date": "2013-06-30",
          "currency_symbol": "TWD",
          "intangibleAssets": "2222000",
          "totalLiab": "502898000",
          "totalStockholderEquity": "465125000",
          "otherCurrentLiab": "20660000",
          "totalAssets": "968023000",
          "commonStock": "500000000",
          "otherCurrentAssets": "2066000",
          "otherLiab": "23051000",
          "otherAssets": "33363000",
          "totalCurrentLiabilities": "276931000",
          "propertyPlantEquipment": "411384000",
          "netReceivables": "128010000",
          "longTermDebt": "202916000",
          "inventory": "306821000",
          "accountsPayable": "135412000"
        },
        {
          "date": "2013-03-31",
          "currency_symbol": "TWD",
          "intangibleAssets": "2467000",
          "totalLiab": "546516000",
          "totalStockholderEquity": "454859000",
          "otherCurrentLiab": "20640000",
          "totalAssets": "1001375000",
          "commonStock": "500000000",
          "otherCurrentAssets": "3955000",
          "otherLiab": "23287000",
          "otherAssets": "34673000",
          "totalCurrentLiabilities": "316562000",
          "propertyPlantEquipment": "414328000",
          "netReceivables": "120048000",
          "longTermDebt": "206667000",
          "inventory": "320236000",
          "accountsPayable": "143672000"
        },
        {
          "date": "2012-12-31",
          "currency_symbol": "TWD",
          "totalLiab": "543037000",
          "totalStockholderEquity": "441097000",
          "otherCurrentLiab": "23999000",
          "totalAssets": "984134000",
          "commonStock": "500000000",
          "otherCurrentAssets": "4710000",
          "otherLiab": "29163000",
          "otherAssets": "51576000",
          "totalCurrentLiabilities": "303457000",
          "propertyPlantEquipment": "401672000",
          "netReceivables": "147053000",
          "longTermDebt": "210417000",
          "inventory": "315956000",
          "accountsPayable": "145861000"
        },
        {
          "date": "2012-09-30",
          "currency_symbol": "TWD",
          "totalLiab": "540279000",
          "totalStockholderEquity": "435989000",
          "otherCurrentLiab": "23101000",
          "totalAssets": "976268000",
          "commonStock": "500000000",
          "otherCurrentAssets": "8658000",
          "otherLiab": "29304000",
          "otherAssets": "50743000",
          "totalCurrentLiabilities": "308475000",
          "propertyPlantEquipment": "403560000",
          "netReceivables": "126736000",
          "longTermDebt": "202500000",
          "inventory": "306301000",
          "accountsPayable": "161499000"
        },
        {
          "date": "2012-06-30",
          "currency_symbol": "TWD",
          "totalLiab": "563471000",
          "totalStockholderEquity": "432194000",
          "otherCurrentLiab": "22841000",
          "totalAssets": "995665000",
          "commonStock": "500000000",
          "otherCurrentAssets": "9490000",
          "otherLiab": "29474000",
          "otherAssets": "47969000",
          "totalCurrentLiabilities": "326914000",
          "propertyPlantEquipment": "405221000",
          "netReceivables": "130368000",
          "longTermDebt": "207083000",
          "inventory": "283683000",
          "accountsPayable": "152650000"
        },
        {
          "date": "2012-03-31",
          "currency_symbol": "TWD",
          "totalLiab": "536817000",
          "totalStockholderEquity": "427567000",
          "otherCurrentLiab": "19394000",
          "totalAssets": "964384000",
          "commonStock": "500000000",
          "otherCurrentAssets": "3781000",
          "otherLiab": "29630000",
          "otherAssets": "50212000",
          "totalCurrentLiabilities": "264687000",
          "propertyPlantEquipment": "406011000",
          "netReceivables": "138433000",
          "longTermDebt": "242500000",
          "inventory": "278998000",
          "accountsPayable": "138149000"
        },
        {
          "date": "2011-12-31",
          "currency_symbol": "TWD",
          "totalLiab": "521951000",
          "totalStockholderEquity": "427672000",
          "otherCurrentLiab": "23282000",
          "totalAssets": "949623000",
          "commonStock": "500000000",
          "otherCurrentAssets": "6411000",
          "otherLiab": "29782000",
          "otherAssets": "50475000",
          "totalCurrentLiabilities": "243419000",
          "propertyPlantEquipment": "407849000",
          "netReceivables": "119044000",
          "longTermDebt": "248750000",
          "inventory": "267368000",
          "accountsPayable": "143884000"
        },
        {
          "date": "2011-09-30",
          "currency_symbol": "TWD",
          "totalLiab": "487900000",
          "totalStockholderEquity": "439989000",
          "otherCurrentLiab": "18681000",
          "totalAssets": "927889000",
          "commonStock": "500000000",
          "otherCurrentAssets": "5636000",
          "otherLiab": "29658000",
          "otherAssets": "50638000",
          "totalCurrentLiabilities": "259075000",
          "propertyPlantEquipment": "410669000",
          "netReceivables": "128152000",
          "longTermDebt": "199167000",
          "inventory": "265475000",
          "accountsPayable": "180224000"
        },
        {
          "date": "2011-06-30",
          "currency_symbol": "TWD",
          "intangibleAssets": "3000",
          "totalLiab": "483800000",
          "totalStockholderEquity": "421064000",
          "otherCurrentLiab": "18962000",
          "totalAssets": "904864000",
          "commonStock": "500000000",
          "otherCurrentAssets": "5411000",
          "otherLiab": "29531000",
          "otherAssets": "52308000",
          "totalCurrentLiabilities": "266352000",
          "propertyPlantEquipment": "409877000",
          "netReceivables": "121057000",
          "longTermDebt": "187917000",
          "inventory": "239411000",
          "accountsPayable": "162390000"
        },
        {
          "date": "2011-03-31",
          "currency_symbol": "TWD",
          "intangibleAssets": "8000",
          "totalLiab": "505594000",
          "totalStockholderEquity": "405754000",
          "otherCurrentLiab": "34520000",
          "totalAssets": "911348000",
          "commonStock": "500000000",
          "otherCurrentAssets": "16727000",
          "otherLiab": "29388000",
          "otherAssets": "52429000",
          "totalCurrentLiabilities": "269933000",
          "propertyPlantEquipment": "411120000",
          "netReceivables": "139229000",
          "longTermDebt": "206273000",
          "inventory": "235838000",
          "accountsPayable": "126310000"
        },
        {
          "date": "2010-12-31",
          "currency_symbol": "TWD",
          "intangibleAssets": "13000",
          "totalLiab": "491277000",
          "totalStockholderEquity": "399984000",
          "otherCurrentLiab": "23578000",
          "totalAssets": "891261000",
          "commonStock": "500000000",
          "otherCurrentAssets": "5871000",
          "otherLiab": "29195000",
          "otherAssets": "52788000",
          "totalCurrentLiabilities": "291082000",
          "propertyPlantEquipment": "413098000",
          "netReceivables": "118730000",
          "longTermDebt": "171000000",
          "inventory": "232361000",
          "accountsPayable": "152477000"
        },
        {
          "date": "2010-09-30",
          "currency_symbol": "TWD",
          "intangibleAssets": "18000",
          "totalLiab": "480843000",
          "totalStockholderEquity": "404727000",
          "otherCurrentLiab": "24696000",
          "totalAssets": "885570000",
          "commonStock": "500000000",
          "otherCurrentAssets": "6784000",
          "otherLiab": "28956000",
          "otherAssets": "51877000",
          "totalCurrentLiabilities": "289720000",
          "propertyPlantEquipment": "415782000",
          "netReceivables": "115572000",
          "longTermDebt": "162167000",
          "inventory": "228228000",
          "accountsPayable": "168627000"
        },
        {
          "date": "2010-06-30",
          "currency_symbol": "TWD",
          "intangibleAssets": "23000",
          "totalLiab": "471105000",
          "totalStockholderEquity": "401044000",
          "otherCurrentLiab": "21463000",
          "totalAssets": "872149000",
          "commonStock": "628970000",
          "otherCurrentAssets": "6553000",
          "otherLiab": "28729000",
          "otherAssets": "52685000",
          "totalCurrentLiabilities": "268890000",
          "propertyPlantEquipment": "419042000",
          "netReceivables": "112643000",
          "longTermDebt": "173486000",
          "inventory": "204843000",
          "accountsPayable": "152857000"
        },
        {
          "date": "2010-03-31",
          "currency_symbol": "TWD",
          "intangibleAssets": "28000",
          "totalLiab": "447547000",
          "totalStockholderEquity": "401685000",
          "otherCurrentLiab": "23764000",
          "totalAssets": "849232000",
          "commonStock": "628970000",
          "otherCurrentAssets": "11837000",
          "otherLiab": "28509000",
          "otherAssets": "60219000",
          "totalCurrentLiabilities": "250530000",
          "propertyPlantEquipment": "421900000",
          "netReceivables": "97628000",
          "longTermDebt": "168508000",
          "inventory": "192538000",
          "accountsPayable": "105717000"
        },
        {
          "date": "2009-12-31",
          "currency_symbol": "TWD",
          "intangibleAssets": "33000",
          "totalLiab": "441811000",
          "totalStockholderEquity": "397092000",
          "otherCurrentLiab": "22905000",
          "totalAssets": "838903000",
          "commonStock": "628970000",
          "otherCurrentAssets": "8532000",
          "otherLiab": "28325000",
          "otherAssets": "57985000",
          "totalCurrentLiabilities": "241178000",
          "propertyPlantEquipment": "425532000",
          "netReceivables": "101816000",
          "longTermDebt": "172308000",
          "inventory": "200885000",
          "accountsPayable": "88893000"
        },
        {
          "date": "2009-09-30",
          "currency_symbol": "TWD",
          "intangibleAssets": "38000",
          "totalLiab": "438422000",
          "totalStockholderEquity": "391727000",
          "otherCurrentLiab": "22479000",
          "totalAssets": "830149000",
          "commonStock": "628970000",
          "otherCurrentAssets": "6906000",
          "otherLiab": "28227000",
          "otherAssets": "58683000",
          "totalCurrentLiabilities": "234087000",
          "propertyPlantEquipment": "430215000",
          "netReceivables": "71013000",
          "longTermDebt": "176108000",
          "inventory": "211034000",
          "accountsPayable": "87385000"
        },
        {
          "date": "2009-06-30",
          "currency_symbol": "TWD",
          "intangibleAssets": "43000",
          "totalLiab": "462095000",
          "totalStockholderEquity": "397051000",
          "otherCurrentLiab": "24385000",
          "totalAssets": "859146000",
          "commonStock": "628970000",
          "otherCurrentAssets": "7485000",
          "otherLiab": "28132000",
          "otherAssets": "63066000",
          "totalCurrentLiabilities": "223505000",
          "propertyPlantEquipment": "432548000",
          "netReceivables": "100127000",
          "longTermDebt": "210458000",
          "inventory": "211807000",
          "accountsPayable": "97582000"
        },
        {
          "date": "2009-03-31",
          "currency_symbol": "TWD",
          "intangibleAssets": "48000",
          "totalLiab": "491112000",
          "totalStockholderEquity": "409381000",
          "otherCurrentLiab": "33010000",
          "totalAssets": "900493000",
          "commonStock": "628970000",
          "otherCurrentAssets": "10777000",
          "otherLiab": "28034000",
          "otherAssets": "71222000",
          "totalCurrentLiabilities": "247167000",
          "propertyPlantEquipment": "436179000",
          "netReceivables": "141315000",
          "longTermDebt": "215911000",
          "inventory": "215760000",
          "accountsPayable": "95714000"
        },
        {
          "date": "2008-12-31",
          "currency_symbol": "TWD",
          "intangibleAssets": "53000",
          "totalLiab": "520207000",
          "totalStockholderEquity": "417568000",
          "otherCurrentLiab": "17319000",
          "totalAssets": "937775000",
          "commonStock": "628970000",
          "otherCurrentAssets": "15134000",
          "otherLiab": "27950000",
          "otherAssets": "70642000",
          "totalCurrentLiabilities": "270894000",
          "propertyPlantEquipment": "439888000",
          "netReceivables": "156671000",
          "longTermDebt": "221363000",
          "inventory": "235794000",
          "accountsPayable": "136499000"
        },
        {
          "date": "2008-09-30",
          "currency_symbol": "TWD",
          "intangibleAssets": "58000",
          "totalLiab": "563713000",
          "totalStockholderEquity": "416928000",
          "otherCurrentLiab": "26924000",
          "totalAssets": "980641000",
          "commonStock": "628970000",
          "otherCurrentAssets": "25037000",
          "otherLiab": "28090000",
          "otherAssets": "67868000",
          "totalCurrentLiabilities": "337841000",
          "propertyPlantEquipment": "444758000",
          "netReceivables": "164273000",
          "longTermDebt": "197782000",
          "inventory": "228640000",
          "accountsPayable": "174837000"
        },
        {
          "date": "2008-06-30",
          "currency_symbol": "TWD",
          "intangibleAssets": "63000",
          "totalLiab": "507146000",
          "totalStockholderEquity": "411119000",
          "otherCurrentLiab": "28297000",
          "totalAssets": "918265000",
          "commonStock": "628970000",
          "otherCurrentAssets": "19147000",
          "otherLiab": "28231000",
          "otherAssets": "66879000",
          "totalCurrentLiabilities": "424713000",
          "propertyPlantEquipment": "447165000",
          "netReceivables": "150954000",
          "longTermDebt": "54202000",
          "inventory": "201531000",
          "accountsPayable": "139491000"
        },
        {
          "date": "2008-03-31",
          "currency_symbol": "TWD",
          "intangibleAssets": "68000",
          "totalLiab": "503292000",
          "totalStockholderEquity": "403965000",
          "otherCurrentLiab": "28395000",
          "totalAssets": "907257000",
          "commonStock": "628970000",
          "otherCurrentAssets": "201573000",
          "otherLiab": "28384000",
          "otherAssets": "66731000",
          "totalCurrentLiabilities": "415287000",
          "propertyPlantEquipment": "443738000",
          "netReceivables": "158606000",
          "longTermDebt": "59621000",
          "accountsPayable": "133341000"
        },
        {
          "date": "2007-06-30",
          "currency_symbol": "TWD",
          "intangibleAssets": "90000",
          "totalLiab": "572109000",
          "totalStockholderEquity": "386792000",
          "otherCurrentLiab": "30334000",
          "totalAssets": "958901000",
          "commonStock": "628970000",
          "otherCurrentAssets": "194752000",
          "otherLiab": "28576000",
          "otherAssets": "191679000",
          "totalCurrentLiabilities": "457456000",
          "propertyPlantEquipment": "401894000",
          "netReceivables": "123941000",
          "longTermDebt": "86077000",
          "accountsPayable": "140873000"
        },
        {
          "date": "2006-06-30",
          "currency_symbol": "TWD",
          "intangibleAssets": "190000",
          "totalLiab": "629210000",
          "totalStockholderEquity": "367347000",
          "otherCurrentLiab": "28648000",
          "totalAssets": "996557000",
          "commonStock": "561270000",
          "otherCurrentAssets": "16450000",
          "otherLiab": "65450000",
          "otherAssets": "99731000",
          "totalCurrentLiabilities": "489873000",
          "propertyPlantEquipment": "564848000",
          "netReceivables": "111570000",
          "longTermDebt": "73887000",
          "inventory": "186173000",
          "accountsPayable": "116785000"
        },
        {
          "date": "2005-06-30",
          "currency_symbol": "TWD",
          "intangibleAssets": "290000",
          "totalLiab": "625514000",
          "totalStockholderEquity": "473714000",
          "otherCurrentLiab": "15982000",
          "totalAssets": "1099228000",
          "commonStock": "787971000",
          "otherCurrentAssets": "254813000",
          "otherLiab": "62934000",
          "otherAssets": "108718000",
          "totalCurrentLiabilities": "464775000",
          "propertyPlantEquipment": "606661000",
          "netReceivables": "103582000",
          "longTermDebt": "97805000",
          "accountsPayable": "105370000"
        },
        {
          "date": "2002-06-30",
          "currency_symbol": "TWD",
          "intangibleAssets": "183000",
          "totalLiab": "761231000",
          "totalStockholderEquity": "758473000",
          "otherCurrentLiab": "33177000",
          "totalAssets": "1519704000",
          "commonStock": "787971000",
          "otherCurrentAssets": "10937000",
          "otherLiab": "138874000",
          "otherAssets": "381711000",
          "totalCurrentLiabilities": "463751000",
          "propertyPlantEquipment": "701882000",
          "netReceivables": "174163000",
          "longTermDebt": "158606000",
          "inventory": "217502000",
          "accountsPayable": "139727000"
        }
      ],
      "yearly": [
        {
          "date": "2018-12-31",
          "currency_symbol": "TWD",
          "intangibleAssets": "3001000",
          "totalLiab": "750998000",
          "totalStockholderEquity": "986637000",
          "otherCurrentLiab": "171678000",
          "totalAssets": "1737635000",
          "commonStock": "600000000",
          "otherCurrentAssets": "715000",
          "retainedEarnings": "350579000",
          "otherLiab": "24708000",
          "otherAssets": "63907000",
          "cash": "253369000",
          "totalCurrentLiabilities": "516290000",
          "shortLongTermDebt": "30000000",
          "otherStockholderEquity": "-11535000",
          "propertyPlantEquipment": "520202000",
          "totalCurrentAssets": "1150525000",
          "netTangibleAssets": "983636000",
          "netReceivables": "220006000",
          "longTermDebt": "210000000",
          "inventory": "667928000",
          "accountsPayable": "220022000"
        },
        {
          "date": "2017-12-31",
          "filing_date": "0000-00-00",
          "currency_symbol": "TWD",
          "intangibleAssets": "3517000",
          "totalLiab": "1402924000",
          "totalStockholderEquity": "759531000",
          "otherCurrentLiab": "291887000",
          "totalAssets": "2162455000",
          "commonStock": "500000000",
          "otherCurrentAssets": "237878000",
          "retainedEarnings": "264813000",
          "otherLiab": "24474000",
          "otherAssets": "63372000",
          "cash": "623277000",
          "totalCurrentLiabilities": "1118450000",
          "shortLongTermDebt": "31667000",
          "otherStockholderEquity": "-5282000",
          "propertyPlantEquipment": "460087000",
          "totalCurrentAssets": "1635479000",
          "netTangibleAssets": "756014000",
          "shortTermInvestments": "235404000",
          "netReceivables": "265053000",
          "longTermDebt": "260000000",
          "inventory": "502496000",
          "accountsPayable": "339589000"
        },
        {
          "date": "2016-12-31",
          "filing_date": "0000-00-00",
          "currency_symbol": "TWD",
          "intangibleAssets": "356000",
          "totalLiab": "760579000",
          "totalStockholderEquity": "667683000",
          "otherCurrentLiab": "53123000",
          "totalAssets": "1428262000",
          "commonStock": "500000000",
          "otherCurrentAssets": "37678000",
          "retainedEarnings": "171453000",
          "otherLiab": "27188000",
          "otherAssets": "58143000",
          "cash": "285178000",
          "totalCurrentLiabilities": "502141000",
          "shortLongTermDebt": "35000000",
          "otherStockholderEquity": "-3770000",
          "propertyPlantEquipment": "435709000",
          "totalCurrentAssets": "934054000",
          "netTangibleAssets": "667327000",
          "shortTermInvestments": "11488000",
          "netReceivables": "188291000",
          "longTermDebt": "231250000",
          "inventory": "407786000",
          "accountsPayable": "193046000"
        },
        {
          "date": "2015-12-31",
          "filing_date": "0000-00-00",
          "currency_symbol": "TWD",
          "intangibleAssets": "1046000",
          "totalLiab": "705580000",
          "totalStockholderEquity": "602980000",
          "otherCurrentLiab": "45301000",
          "totalAssets": "1308560000",
          "commonStock": "500000000",
          "otherCurrentAssets": "8547000",
          "retainedEarnings": "100222000",
          "otherLiab": "32944000",
          "otherAssets": "27373000",
          "cash": "211870000",
          "totalCurrentLiabilities": "466386000",
          "shortLongTermDebt": "35000000",
          "otherStockholderEquity": "2758000",
          "propertyPlantEquipment": "436191000",
          "totalCurrentAssets": "843950000",
          "netTangibleAssets": "601934000",
          "shortTermInvestments": "6000000",
          "netReceivables": "210808000",
          "longTermDebt": "206250000",
          "inventory": "410994000",
          "accountsPayable": "216520000"
        },
        {
          "date": "2014-12-31",
          "filing_date": "0000-00-00",
          "currency_symbol": "TWD",
          "intangibleAssets": "2013000",
          "totalLiab": "507234000",
          "totalStockholderEquity": "538124000",
          "otherCurrentLiab": "45336000",
          "totalAssets": "1045358000",
          "commonStock": "500000000",
          "otherCurrentAssets": "3538000",
          "retainedEarnings": "35507000",
          "otherLiab": "20426000",
          "otherAssets": "37654000",
          "cash": "110408000",
          "totalCurrentLiabilities": "238276000",
          "shortLongTermDebt": "5000000",
          "otherStockholderEquity": "2617000",
          "propertyPlantEquipment": "401351000",
          "totalCurrentAssets": "604340000",
          "netTangibleAssets": "536111000",
          "shortTermInvestments": "4729000",
          "netReceivables": "174223000",
          "longTermDebt": "246250000",
          "inventory": "311442000",
          "accountsPayable": "176283000"
        },
        {
          "date": "2013-12-31",
          "filing_date": "0000-00-00",
          "currency_symbol": "TWD",
          "intangibleAssets": "1778000",
          "totalLiab": "527629000",
          "totalStockholderEquity": "482557000",
          "otherCurrentLiab": "34490000",
          "totalAssets": "1010186000",
          "commonStock": "500000000",
          "otherCurrentAssets": "1399000",
          "retainedEarnings": "-18534000",
          "otherLiab": "20906000",
          "otherAssets": "29409000",
          "cash": "118668000",
          "totalCurrentLiabilities": "280473000",
          "shortLongTermDebt": "319059000",
          "otherStockholderEquity": "1091000",
          "propertyPlantEquipment": "406828000",
          "totalCurrentAssets": "572171000",
          "netTangibleAssets": "480779000",
          "shortTermInvestments": "3000000",
          "netReceivables": "144311000",
          "longTermDebt": "226250000",
          "inventory": "304793000",
          "accountsPayable": "153174000"
        },
        {
          "date": "2012-12-31",
          "currency_symbol": "TWD",
          "totalLiab": "543037000",
          "totalStockholderEquity": "441097000",
          "otherCurrentLiab": "23999000",
          "totalAssets": "984134000",
          "commonStock": "500000000",
          "otherCurrentAssets": "4710000",
          "otherLiab": "29163000",
          "otherAssets": "51576000",
          "cash": "63167000",
          "totalCurrentLiabilities": "303457000",
          "propertyPlantEquipment": "401672000",
          "netReceivables": "147053000",
          "longTermDebt": "210417000",
          "inventory": "315956000",
          "accountsPayable": "145861000"
        },
        {
          "date": "2011-12-31",
          "currency_symbol": "TWD",
          "totalLiab": "521951000",
          "totalStockholderEquity": "427672000",
          "otherCurrentLiab": "23282000",
          "totalAssets": "949623000",
          "commonStock": "500000000",
          "otherCurrentAssets": "6411000",
          "otherLiab": "29782000",
          "otherAssets": "42226000",
          "cash": "98476000",
          "totalCurrentLiabilities": "243419000",
          "propertyPlantEquipment": "407849000",
          "netReceivables": "119044000",
          "longTermDebt": "248750000",
          "inventory": "267368000",
          "accountsPayable": "143884000"
        },
        {
          "date": "2010-12-31",
          "currency_symbol": "TWD",
          "intangibleAssets": "13000",
          "totalLiab": "491277000",
          "totalStockholderEquity": "399984000",
          "otherCurrentLiab": "23578000",
          "totalAssets": "891261000",
          "commonStock": "500000000",
          "otherCurrentAssets": "5871000",
          "otherLiab": "29195000",
          "otherAssets": "46747000",
          "cash": "67526000",
          "totalCurrentLiabilities": "291082000",
          "propertyPlantEquipment": "413098000",
          "shortTermInvestments": "887000",
          "netReceivables": "118730000",
          "longTermDebt": "171000000",
          "inventory": "232361000",
          "accountsPayable": "152477000"
        },
        {
          "date": "2009-12-31",
          "currency_symbol": "TWD",
          "intangibleAssets": "33000",
          "totalLiab": "441811000",
          "totalStockholderEquity": "397092000",
          "otherCurrentLiab": "22905000",
          "totalAssets": "838903000",
          "commonStock": "628970000",
          "otherCurrentAssets": "8532000",
          "otherLiab": "28325000",
          "otherAssets": "52108000",
          "cash": "42333000",
          "totalCurrentLiabilities": "241178000",
          "propertyPlantEquipment": "425532000",
          "shortTermInvestments": "1820000",
          "netReceivables": "101816000",
          "longTermDebt": "172308000",
          "inventory": "200885000",
          "accountsPayable": "88893000"
        },
        {
          "date": "2008-12-31",
          "currency_symbol": "TWD",
          "intangibleAssets": "53000",
          "totalLiab": "520207000",
          "totalStockholderEquity": "417568000",
          "otherCurrentLiab": "17319000",
          "totalAssets": "937775000",
          "commonStock": "628970000",
          "otherCurrentAssets": "15134000",
          "otherLiab": "27950000",
          "otherAssets": "68176000",
          "cash": "19646000",
          "totalCurrentLiabilities": "270894000",
          "propertyPlantEquipment": "439888000",
          "netReceivables": "156671000",
          "longTermDebt": "221363000",
          "inventory": "235794000",
          "accountsPayable": "136499000"
        },
        {
          "date": "2007-12-31",
          "currency_symbol": "TWD",
          "intangibleAssets": "73000",
          "totalLiab": "513209000",
          "totalStockholderEquity": "403590000",
          "otherCurrentLiab": "18505000",
          "totalAssets": "916799000",
          "commonStock": "628970000",
          "otherCurrentAssets": "8890000",
          "otherLiab": "28544000",
          "otherAssets": "63718000",
          "cash": "19895000",
          "totalCurrentLiabilities": "386272000",
          "propertyPlantEquipment": "447866000",
          "netReceivables": "201716000",
          "longTermDebt": "98393000",
          "inventory": "170058000",
          "accountsPayable": "92970000"
        },
        {
          "date": "2006-12-31",
          "currency_symbol": "TWD",
          "intangibleAssets": "140000",
          "totalLiab": "539475000",
          "totalStockholderEquity": "435150000",
          "otherCurrentLiab": "17367000",
          "totalAssets": "974625000",
          "commonStock": "790000000",
          "otherCurrentAssets": "9048000",
          "otherLiab": "28643000",
          "otherAssets": "110208000",
          "cash": "30662000",
          "totalCurrentLiabilities": "412159000",
          "propertyPlantEquipment": "519509000",
          "netReceivables": "115780000",
          "longTermDebt": "98673000",
          "inventory": "182154000",
          "accountsPayable": "114372000"
        },
        {
          "date": "2005-12-31",
          "currency_symbol": "TWD",
          "intangibleAssets": "240000",
          "totalLiab": "592078000",
          "totalStockholderEquity": "404719000",
          "otherCurrentLiab": "18461000",
          "totalAssets": "996797000",
          "commonStock": "561270000",
          "otherCurrentAssets": "13119000",
          "otherLiab": "70615000",
          "otherAssets": "102518000",
          "cash": "21888000",
          "totalCurrentLiabilities": "426868000",
          "propertyPlantEquipment": "580401000",
          "netReceivables": "80927000",
          "longTermDebt": "94595000",
          "inventory": "195298000",
          "accountsPayable": "65200000"
        },
        {
          "date": "2004-12-31",
          "currency_symbol": "TWD",
          "intangibleAssets": "340000",
          "totalLiab": "639629000",
          "totalStockholderEquity": "564799000",
          "otherCurrentLiab": "15578000",
          "totalAssets": "1204428000",
          "commonStock": "787971000",
          "otherCurrentAssets": "22680000",
          "otherLiab": "56523000",
          "otherAssets": "108779000",
          "cash": "37390000",
          "totalCurrentLiabilities": "374024000",
          "propertyPlantEquipment": "651179000",
          "netReceivables": "110772000",
          "longTermDebt": "209082000",
          "inventory": "253267000",
          "accountsPayable": "90419000"
        },
        {
          "date": "2003-12-31",
          "currency_symbol": "TWD",
          "intangibleAssets": "1336000",
          "totalLiab": "867776000",
          "totalStockholderEquity": "654759000",
          "otherCurrentLiab": "34736000",
          "totalAssets": "1522535000",
          "commonStock": "787971000",
          "otherCurrentAssets": "16021000",
          "otherLiab": "86259000",
          "otherAssets": "275727000",
          "cash": "58542000",
          "totalCurrentLiabilities": "471720000",
          "propertyPlantEquipment": "676921000",
          "shortTermInvestments": "3000",
          "netReceivables": "291112000",
          "longTermDebt": "309797000",
          "inventory": "188277000",
          "accountsPayable": "122378000"
        },
        {
          "date": "2002-12-31",
          "currency_symbol": "TWD",
          "intangibleAssets": "1065000",
          "totalLiab": "753088000",
          "totalStockholderEquity": "679227000",
          "otherCurrentLiab": "47422000",
          "totalAssets": "1432315000",
          "commonStock": "787971000",
          "otherCurrentAssets": "15104000",
          "otherLiab": "82865000",
          "otherAssets": "318036000",
          "cash": "13161000",
          "totalCurrentLiabilities": "411765000",
          "propertyPlantEquipment": "690937000",
          "shortTermInvestments": "2548000",
          "netReceivables": "159649000",
          "longTermDebt": "258458000",
          "inventory": "214761000",
          "accountsPayable": "86576000"
        }
      ]
    },
    "Cash_Flow": {
      "currency_symbol": "TWD",
      "quarterly": [
        {
          "date": "2019-09-30",
          "currency_symbol": "TWD",
          "changeToLiabilities": "-32333000",
          "totalCashflowsFromInvestingActivities": "-7594000",
          "netBorrowings": "96493000",
          "totalCashFromFinancingActivities": "36493000",
          "changeToOperatingActivities": "-6913000",
          "netIncome": "14089000",
          "changeInCash": "62231000",
          "totalCashFromOperatingActivities": "39358000",
          "depreciation": "9040000",
          "otherCashflowsFromInvestingActivities": "749000",
          "dividendsPaid": "-60000000",
          "changeToInventory": "19551000",
          "changeToAccountReceivables": "40525000",
          "changeToNetincome": "-4728000",
          "capitalExpenditures": "8263000"
        },
        {
          "date": "2019-06-30",
          "currency_symbol": "TWD",
          "changeToLiabilities": "9105000",
          "totalCashflowsFromInvestingActivities": "-16075000",
          "netBorrowings": "-148275000",
          "totalCashFromFinancingActivities": "-148275000",
          "changeToOperatingActivities": "36333000",
          "netIncome": "35591000",
          "changeInCash": "-50681000",
          "totalCashFromOperatingActivities": "115293000",
          "depreciation": "8569000",
          "otherCashflowsFromInvestingActivities": "30000",
          "dividendsPaid": "-60000000",
          "changeToInventory": "46843000",
          "changeToAccountReceivables": "-10438000",
          "changeToNetincome": "-10839000",
          "capitalExpenditures": "16105000"
        },
        {
          "date": "2019-03-31",
          "currency_symbol": "TWD",
          "changeToLiabilities": "772000",
          "totalCashflowsFromInvestingActivities": "-9314000",
          "netBorrowings": "57338000",
          "totalCashFromFinancingActivities": "57338000",
          "changeToOperatingActivities": "-35419000",
          "netIncome": "9371000",
          "changeInCash": "27379000",
          "totalCashFromOperatingActivities": "-24717000",
          "depreciation": "8215000",
          "otherCashflowsFromInvestingActivities": "30000",
          "dividendsPaid": "-60000000",
          "changeToInventory": "-4428000",
          "changeToAccountReceivables": "-17462000",
          "changeToNetincome": "14105000",
          "capitalExpenditures": "9314000"
        },
        {
          "date": "2018-12-31",
          "currency_symbol": "TWD",
          "changeToLiabilities": "-75684000",
          "totalCashflowsFromInvestingActivities": "-24415000",
          "netBorrowings": "-243354000",
          "totalCashFromFinancingActivities": "-104854000",
          "changeToOperatingActivities": "-76134000",
          "netIncome": "35472000",
          "changeInCash": "-89327000",
          "totalCashFromOperatingActivities": "37287000",
          "depreciation": "7311000",
          "otherCashflowsFromInvestingActivities": "3000",
          "dividendsPaid": "-60000000",
          "changeToInventory": "73313000",
          "changeToAccountReceivables": "41696000",
          "changeToNetincome": "31184000",
          "capitalExpenditures": "24424000"
        },
        {
          "date": "2018-09-30",
          "currency_symbol": "TWD",
          "changeToLiabilities": "-33532000",
          "totalCashflowsFromInvestingActivities": "-18140000",
          "netBorrowings": "35035000",
          "totalCashFromFinancingActivities": "-14965000",
          "changeToOperatingActivities": "29027000",
          "netIncome": "39535000",
          "changeInCash": "-79089000",
          "totalCashFromOperatingActivities": "-32273000",
          "depreciation": "7184000",
          "otherCashflowsFromInvestingActivities": "272000",
          "dividendsPaid": "-50000000",
          "changeToInventory": "-82983000",
          "changeToAccountReceivables": "-7182000",
          "changeToNetincome": "15911000",
          "capitalExpenditures": "18507000"
        },
        {
          "date": "2018-06-30",
          "filing_date": "0000-00-00",
          "currency_symbol": "TWD",
          "changeToLiabilities": "-15033000",
          "totalCashflowsFromInvestingActivities": "-3088000",
          "netBorrowings": "-85007000",
          "totalCashFromFinancingActivities": "-85007000",
          "changeToOperatingActivities": "53635000",
          "netIncome": "37992000",
          "changeInCash": "-119362000",
          "totalCashFromOperatingActivities": "-44905000",
          "depreciation": "6736000",
          "otherCashflowsFromInvestingActivities": "2315000",
          "dividendsPaid": "-50000000",
          "changeToInventory": "-84071000",
          "changeToAccountReceivables": "-3367000",
          "changeToNetincome": "-41106000",
          "capitalExpenditures": "6313000"
        },
        {
          "date": "2018-03-31",
          "filing_date": "0000-00-00",
          "currency_symbol": "TWD",
          "changeToLiabilities": "-53129000",
          "totalCashflowsFromInvestingActivities": "-38422000",
          "netBorrowings": "-121108000",
          "totalCashFromFinancingActivities": "-121108000",
          "changeToOperatingActivities": "158685000",
          "netIncome": "23077000",
          "changeInCash": "-82130000",
          "totalCashFromOperatingActivities": "83459000",
          "depreciation": "6348000",
          "otherCashflowsFromInvestingActivities": "-10000",
          "dividendsPaid": "-50000000",
          "changeToInventory": "-92272000",
          "changeToAccountReceivables": "30971000",
          "changeToNetincome": "9468000",
          "capitalExpenditures": "38416000"
        },
        {
          "date": "2017-12-31",
          "filing_date": "0000-00-00",
          "currency_symbol": "TWD",
          "changeToLiabilities": "-2057000",
          "totalCashflowsFromInvestingActivities": "-36752000",
          "netBorrowings": "54774000",
          "totalCashFromFinancingActivities": "219684000",
          "changeToOperatingActivities": "219440000",
          "netIncome": "27023000",
          "changeInCash": "270954000",
          "totalCashFromOperatingActivities": "210908000",
          "depreciation": "6186000",
          "otherCashflowsFromInvestingActivities": "-684000",
          "dividendsPaid": "-40000000",
          "changeToInventory": "-13037000",
          "changeToAccountReceivables": "6545000",
          "changeToNetincome": "20009000",
          "capitalExpenditures": "50814000"
        },
        {
          "date": "2017-09-30",
          "filing_date": "0000-00-00",
          "currency_symbol": "TWD",
          "changeToLiabilities": "974000",
          "totalCashflowsFromInvestingActivities": "-9410000",
          "netBorrowings": "64615000",
          "totalCashFromFinancingActivities": "164910000",
          "changeToOperatingActivities": "-58089000",
          "netIncome": "73864000",
          "changeInCash": "-9202000",
          "totalCashFromOperatingActivities": "-36655000",
          "depreciation": "5887000",
          "otherCashflowsFromInvestingActivities": "-1496000",
          "dividendsPaid": "-40000000",
          "changeToInventory": "-27669000",
          "changeToAccountReceivables": "-39765000",
          "changeToNetincome": "7863000",
          "capitalExpenditures": "18281000"
        },
        {
          "date": "2017-06-30",
          "filing_date": "0000-00-00",
          "currency_symbol": "TWD",
          "changeToLiabilities": "49055000",
          "totalCashflowsFromInvestingActivities": "1702000",
          "netBorrowings": "125507000",
          "totalCashFromFinancingActivities": "140295000",
          "changeToOperatingActivities": "-45005000",
          "netIncome": "63222000",
          "changeInCash": "134454000",
          "totalCashFromOperatingActivities": "-6106000",
          "depreciation": "5759000",
          "otherCashflowsFromInvestingActivities": "7077000",
          "dividendsPaid": "-40000000",
          "changeToInventory": "-41755000",
          "changeToAccountReceivables": "-26390000",
          "changeToNetincome": "-11268000",
          "capitalExpenditures": "10367000"
        },
        {
          "date": "2017-03-31",
          "filing_date": "0000-00-00",
          "currency_symbol": "TWD",
          "changeToLiabilities": "17667000",
          "totalCashflowsFromInvestingActivities": "-12155000",
          "netBorrowings": "14788000",
          "totalCashFromFinancingActivities": "14788000",
          "changeToOperatingActivities": "-45170000",
          "netIncome": "-28445000",
          "changeInCash": "-58107000",
          "totalCashFromOperatingActivities": "-10756000",
          "depreciation": "5660000",
          "otherCashflowsFromInvestingActivities": "-7183000",
          "dividendsPaid": "-40000000",
          "changeToInventory": "-12174000",
          "changeToAccountReceivables": "-5317000",
          "changeToNetincome": "56748000",
          "capitalExpenditures": "4986000"
        },
        {
          "date": "2016-12-31",
          "filing_date": "0000-00-00",
          "currency_symbol": "TWD",
          "changeToLiabilities": "-11426000",
          "totalCashflowsFromInvestingActivities": "764000",
          "netBorrowings": "43429000",
          "totalCashFromFinancingActivities": "54702000",
          "changeToOperatingActivities": "-6406000",
          "netIncome": "36305000",
          "changeInCash": "90489000",
          "totalCashFromOperatingActivities": "108630000",
          "depreciation": "5572000",
          "otherCashflowsFromInvestingActivities": "2677000",
          "dividendsPaid": "-20000000",
          "changeToInventory": "3514000",
          "changeToAccountReceivables": "26750000",
          "changeToNetincome": "-19528000",
          "capitalExpenditures": "22293000"
        },
        {
          "date": "2016-09-30",
          "currency_symbol": "TWD",
          "totalCashFromFinancingActivities": "11273000",
          "netIncome": "3911000",
          "totalCashFromOperatingActivities": "61143000",
          "dividendsPaid": "-20000000",
          "changeToAccountReceivables": "14060000",
          "capitalExpenditures": "20040000"
        },
        {
          "date": "2016-06-30",
          "currency_symbol": "TWD",
          "netIncome": "38629000",
          "totalCashFromOperatingActivities": "27868000",
          "changeToAccountReceivables": "19862000",
          "capitalExpenditures": "10319000"
        },
        {
          "date": "2016-03-31",
          "currency_symbol": "TWD",
          "totalCashFromFinancingActivities": "17085000",
          "netIncome": "11075000",
          "changeToAccountReceivables": "10196000",
          "otherCashflowsFromFinancingActivities": "1633000",
          "capitalExpenditures": "3776000"
        },
        {
          "date": "2015-12-31",
          "currency_symbol": "TWD",
          "totalCashFromFinancingActivities": "144641000",
          "netIncome": "495000",
          "capitalExpenditures": "42191000"
        },
        {
          "date": "2015-09-30",
          "currency_symbol": "TWD",
          "totalCashFromFinancingActivities": "176893000",
          "netIncome": "48379000",
          "capitalExpenditures": "35079000"
        },
        {
          "date": "2015-06-30",
          "currency_symbol": "TWD",
          "totalCashFromFinancingActivities": "159412000",
          "netIncome": "19327000",
          "capitalExpenditures": "17442000"
        },
        {
          "date": "2015-03-31",
          "currency_symbol": "TWD",
          "totalCashFromFinancingActivities": "82878000",
          "netIncome": "4484000",
          "capitalExpenditures": "8239000"
        },
        {
          "date": "2014-12-31",
          "currency_symbol": "TWD",
          "netIncome": "16043000",
          "totalCashFromOperatingActivities": "60087000",
          "otherCashflowsFromInvestingActivities": "75000",
          "capitalExpenditures": "17800000"
        },
        {
          "date": "2014-09-30",
          "currency_symbol": "TWD",
          "netIncome": "12010000",
          "totalCashFromOperatingActivities": "56567000",
          "otherCashflowsFromInvestingActivities": "183000",
          "changeToInventory": "4224000",
          "changeToAccountReceivables": "13954000",
          "capitalExpenditures": "15777000"
        },
        {
          "date": "2014-06-30",
          "currency_symbol": "TWD",
          "netIncome": "13540000",
          "totalCashFromOperatingActivities": "45375000",
          "otherCashflowsFromInvestingActivities": "348000",
          "changeToInventory": "10217000",
          "changeToAccountReceivables": "19719000",
          "capitalExpenditures": "4401000"
        },
        {
          "date": "2014-03-31",
          "currency_symbol": "TWD",
          "netIncome": "12727000",
          "totalCashFromOperatingActivities": "7236000",
          "otherCashflowsFromInvestingActivities": "344000",
          "changeToInventory": "4553000",
          "changeToAccountReceivables": "10961000",
          "capitalExpenditures": "2075000"
        },
        {
          "date": "2013-12-31",
          "currency_symbol": "TWD",
          "netIncome": "9513000",
          "totalCashFromOperatingActivities": "76548000",
          "otherCashflowsFromInvestingActivities": "606000",
          "changeToInventory": "11163000",
          "capitalExpenditures": "4442000"
        },
        {
          "date": "2013-09-30",
          "currency_symbol": "TWD",
          "netIncome": "6312000",
          "totalCashFromOperatingActivities": "52586000",
          "otherCashflowsFromInvestingActivities": "610000",
          "changeToInventory": "2057000",
          "changeToAccountReceivables": "18004000",
          "capitalExpenditures": "3547000"
        },
        {
          "date": "2013-06-30",
          "currency_symbol": "TWD",
          "netIncome": "9829000",
          "totalCashFromOperatingActivities": "38116000",
          "otherCashflowsFromInvestingActivities": "526000",
          "changeToInventory": "9135000",
          "changeToAccountReceivables": "7767000",
          "capitalExpenditures": "2172000"
        },
        {
          "date": "2013-03-31",
          "currency_symbol": "TWD",
          "totalCashFromFinancingActivities": "14903000",
          "netIncome": "9351000",
          "totalCashFromOperatingActivities": "23052000",
          "otherCashflowsFromInvestingActivities": "664000",
          "changeToAccountReceivables": "13780000",
          "capitalExpenditures": "1478000"
        },
        {
          "date": "2012-12-31",
          "currency_symbol": "TWD",
          "totalCashFromFinancingActivities": "19011000",
          "netIncome": "5117000",
          "capitalExpenditures": "3781000"
        },
        {
          "date": "2012-09-30",
          "currency_symbol": "TWD",
          "totalCashFromFinancingActivities": "1372000",
          "netIncome": "4252000",
          "capitalExpenditures": "3109000"
        },
        {
          "date": "2012-06-30",
          "currency_symbol": "TWD",
          "totalCashFromFinancingActivities": "33503000",
          "netIncome": "4184000",
          "capitalExpenditures": "2339000"
        },
        {
          "date": "2012-03-31",
          "currency_symbol": "TWD",
          "totalCashFromFinancingActivities": "24641000",
          "netIncome": "669000",
          "capitalExpenditures": "891000"
        },
        {
          "date": "2011-12-31",
          "currency_symbol": "TWD",
          "totalCashFromFinancingActivities": "38976000",
          "totalCashFromOperatingActivities": "5404000",
          "changeToAccountReceivables": "301000",
          "capitalExpenditures": "7950000"
        },
        {
          "date": "2011-09-30",
          "currency_symbol": "TWD",
          "netIncome": "16957000",
          "totalCashFromOperatingActivities": "33034000",
          "capitalExpenditures": "6387000"
        },
        {
          "date": "2011-06-30",
          "currency_symbol": "TWD",
          "netIncome": "15986000",
          "totalCashFromOperatingActivities": "25389000",
          "capitalExpenditures": "3370000"
        },
        {
          "date": "2011-03-31",
          "currency_symbol": "TWD",
          "totalCashFromFinancingActivities": "29348000",
          "netIncome": "4935000",
          "capitalExpenditures": "564000"
        },
        {
          "date": "2010-12-31",
          "currency_symbol": "TWD",
          "totalCashFromOperatingActivities": "49082000",
          "capitalExpenditures": "771000"
        },
        {
          "date": "2010-09-30",
          "currency_symbol": "TWD",
          "netIncome": "4064000",
          "totalCashFromOperatingActivities": "70783000",
          "capitalExpenditures": "638000"
        },
        {
          "date": "2010-06-30",
          "currency_symbol": "TWD",
          "totalCashFromOperatingActivities": "69296000",
          "capitalExpenditures": "637000"
        },
        {
          "date": "2010-03-31",
          "currency_symbol": "TWD",
          "netIncome": "4675000",
          "totalCashFromOperatingActivities": "31949000",
          "changeToInventory": "9891000",
          "changeToAccountReceivables": "4188000",
          "capitalExpenditures": "197000"
        },
        {
          "date": "2009-12-31",
          "currency_symbol": "TWD",
          "netIncome": "5424000",
          "totalCashFromOperatingActivities": "61635000",
          "changeToInventory": "32792000",
          "changeToAccountReceivables": "56432000",
          "capitalExpenditures": "1664000"
        },
        {
          "date": "2009-09-30",
          "currency_symbol": "TWD",
          "totalCashFromOperatingActivities": "66995000",
          "changeToInventory": "17675000",
          "changeToAccountReceivables": "87663000",
          "capitalExpenditures": "1316000"
        },
        {
          "date": "2009-06-30",
          "currency_symbol": "TWD",
          "totalCashFromOperatingActivities": "43958000",
          "changeToInventory": "16902000",
          "changeToAccountReceivables": "58050000",
          "capitalExpenditures": "572000"
        },
        {
          "date": "2009-03-31",
          "currency_symbol": "TWD",
          "totalCashFromOperatingActivities": "3268000",
          "changeToInventory": "12948000",
          "changeToAccountReceivables": "15358000",
          "otherCashflowsFromFinancingActivities": "22000",
          "capitalExpenditures": "75000"
        },
        {
          "date": "2008-12-31",
          "currency_symbol": "TWD",
          "totalCashflowsFromInvestingActivities": "58881000",
          "netIncome": "313000",
          "capitalExpenditures": "1993000"
        },
        {
          "date": "2008-09-30",
          "currency_symbol": "TWD",
          "totalCashflowsFromInvestingActivities": "56293000",
          "totalCashFromOperatingActivities": "12765000",
          "capitalExpenditures": "4923000"
        },
        {
          "date": "2008-06-30",
          "currency_symbol": "TWD",
          "totalCashflowsFromInvestingActivities": "58283000",
          "netIncome": "7169000",
          "totalCashFromOperatingActivities": "15023000",
          "capitalExpenditures": "3549000"
        },
        {
          "date": "2008-03-31",
          "currency_symbol": "TWD",
          "totalCashflowsFromInvestingActivities": "61956000",
          "netIncome": "1453000",
          "totalCashFromOperatingActivities": "15436000",
          "capitalExpenditures": "334000"
        },
        {
          "date": "2007-06-30",
          "currency_symbol": "TWD",
          "totalCashFromOperatingActivities": "27112000",
          "otherCashflowsFromInvestingActivities": "1540000",
          "changeToInventory": "8301000",
          "capitalExpenditures": "2407000"
        },
        {
          "date": "2006-06-30",
          "currency_symbol": "TWD",
          "totalCashflowsFromInvestingActivities": "1888000",
          "totalCashFromOperatingActivities": "9169000",
          "otherCashflowsFromInvestingActivities": "3682000",
          "changeToInventory": "8370000",
          "capitalExpenditures": "951000"
        },
        {
          "date": "2005-06-30",
          "currency_symbol": "TWD",
          "totalCashFromOperatingActivities": "20887000",
          "changeToInventory": "25609000",
          "changeToAccountReceivables": "12754000",
          "otherCashflowsFromFinancingActivities": "4972000",
          "capitalExpenditures": "633000"
        },
        {
          "date": "2002-06-30",
          "currency_symbol": "TWD",
          "totalCashflowsFromInvestingActivities": "40023000",
          "totalCashFromOperatingActivities": "14174000",
          "changeToAccountReceivables": "30419000",
          "otherCashflowsFromFinancingActivities": "34358000",
          "capitalExpenditures": "6790000"
        }
      ],
      "yearly": [
        {
          "date": "2018-12-31",
          "currency_symbol": "TWD",
          "changeToLiabilities": "-177378000",
          "totalCashflowsFromInvestingActivities": "-84065000",
          "netBorrowings": "-414434000",
          "totalCashFromFinancingActivities": "-325934000",
          "changeToOperatingActivities": "165213000",
          "netIncome": "136076000",
          "changeInCash": "-369908000",
          "totalCashFromOperatingActivities": "43568000",
          "depreciation": "27579000",
          "otherCashflowsFromInvestingActivities": "2580000",
          "dividendsPaid": "-50000000",
          "changeToInventory": "-186013000",
          "changeToAccountReceivables": "62118000",
          "changeToNetincome": "15457000",
          "capitalExpenditures": "87660000"
        },
        {
          "date": "2017-12-31",
          "filing_date": "0000-00-00",
          "currency_symbol": "TWD",
          "changeToLiabilities": "265329000",
          "totalCashflowsFromInvestingActivities": "-56615000",
          "netBorrowings": "259684000",
          "totalCashFromFinancingActivities": "219684000",
          "changeToOperatingActivities": "-128514000",
          "netIncome": "135664000",
          "changeInCash": "338099000",
          "totalCashFromOperatingActivities": "210908000",
          "depreciation": "23492000",
          "otherCashflowsFromInvestingActivities": "-2286000",
          "dividendsPaid": "-40000000",
          "changeToInventory": "-112045000",
          "changeToAccountReceivables": "-64927000",
          "changeToNetincome": "91487000",
          "capitalExpenditures": "50814000"
        },
        {
          "date": "2016-12-31",
          "filing_date": "0000-00-00",
          "currency_symbol": "TWD",
          "changeToLiabilities": "-1016000",
          "totalCashflowsFromInvestingActivities": "-59597000",
          "netBorrowings": "74702000",
          "totalCashFromFinancingActivities": "54702000",
          "changeToOperatingActivities": "-56272000",
          "netIncome": "89920000",
          "changeInCash": "73308000",
          "totalCashFromOperatingActivities": "108630000",
          "depreciation": "21351000",
          "otherCashflowsFromInvestingActivities": "-37644000",
          "dividendsPaid": "-20000000",
          "changeToInventory": "3514000",
          "changeToAccountReceivables": "26750000",
          "changeToNetincome": "23124000",
          "capitalExpenditures": "22293000"
        },
        {
          "date": "2015-12-31",
          "filing_date": "0000-00-00",
          "currency_symbol": "TWD",
          "changeToLiabilities": "1599000",
          "totalCashflowsFromInvestingActivities": "-45078000",
          "netBorrowings": "144641000",
          "totalCashFromFinancingActivities": "144641000",
          "changeToOperatingActivities": "36987000",
          "netIncome": "72685000",
          "changeInCash": "101462000",
          "totalCashFromOperatingActivities": "-16778000",
          "depreciation": "15803000",
          "otherCashflowsFromInvestingActivities": "-2889000",
          "dividendsPaid": "-20000000",
          "changeToInventory": "-99511000",
          "changeToAccountReceivables": "-37759000",
          "changeToNetincome": "-7549000",
          "capitalExpenditures": "42191000"
        },
        {
          "date": "2014-12-31",
          "filing_date": "0000-00-00",
          "currency_symbol": "TWD",
          "changeToLiabilities": "23686000",
          "totalCashflowsFromInvestingActivities": "-18806000",
          "netBorrowings": "-56152000",
          "totalCashFromFinancingActivities": "-56152000",
          "changeToOperatingActivities": "5317000",
          "netIncome": "54305000",
          "changeInCash": "-8260000",
          "totalCashFromOperatingActivities": "60087000",
          "depreciation": "13166000",
          "otherCashflowsFromInvestingActivities": "75000",
          "dividendsPaid": "-20000000",
          "changeToInventory": "-6649000",
          "changeToAccountReceivables": "-27794000",
          "changeToNetincome": "-2931000",
          "capitalExpenditures": "17800000"
        },
        {
          "date": "2013-12-31",
          "filing_date": "0000-00-00",
          "currency_symbol": "TWD",
          "changeToLiabilities": "2046000",
          "totalCashflowsFromInvestingActivities": "-3571000",
          "netBorrowings": "-24955000",
          "totalCashFromFinancingActivities": "-24955000",
          "changeToOperatingActivities": "24595000",
          "netIncome": "35005000",
          "changeInCash": "55501000",
          "totalCashFromOperatingActivities": "76548000",
          "depreciation": "14787000",
          "otherCashflowsFromInvestingActivities": "606000",
          "dividendsPaid": "-20000000",
          "changeToInventory": "11163000",
          "changeToAccountReceivables": "-8289000",
          "changeToNetincome": "-2759000",
          "capitalExpenditures": "4442000"
        },
        {
          "date": "2012-12-31",
          "currency_symbol": "TWD",
          "totalCashFromFinancingActivities": "19011000",
          "netIncome": "14222000",
          "capitalExpenditures": "3781000"
        },
        {
          "date": "2011-12-31",
          "currency_symbol": "TWD",
          "totalCashFromFinancingActivities": "38976000",
          "netIncome": "25850000",
          "totalCashFromOperatingActivities": "5404000",
          "changeToAccountReceivables": "301000",
          "capitalExpenditures": "7950000"
        },
        {
          "date": "2010-12-31",
          "currency_symbol": "TWD",
          "netIncome": "4116000",
          "totalCashFromOperatingActivities": "49082000",
          "capitalExpenditures": "771000"
        },
        {
          "date": "2009-12-31",
          "currency_symbol": "TWD",
          "totalCashFromOperatingActivities": "61635000",
          "changeToInventory": "32792000",
          "changeToAccountReceivables": "56432000",
          "capitalExpenditures": "1664000"
        },
        {
          "date": "2008-12-31",
          "currency_symbol": "TWD",
          "totalCashflowsFromInvestingActivities": "58881000",
          "netIncome": "13611000",
          "capitalExpenditures": "1993000"
        },
        {
          "date": "2007-12-31",
          "currency_symbol": "TWD",
          "totalCashflowsFromInvestingActivities": "3849000",
          "changeToInventory": "12096000",
          "capitalExpenditures": "3190000"
        },
        {
          "date": "2006-12-31",
          "currency_symbol": "TWD",
          "totalCashFromOperatingActivities": "11558000",
          "otherCashflowsFromInvestingActivities": "958000",
          "changeToInventory": "12389000",
          "capitalExpenditures": "6224000"
        },
        {
          "date": "2005-12-31",
          "currency_symbol": "TWD",
          "totalCashFromOperatingActivities": "15697000",
          "changeToInventory": "54109000",
          "changeToAccountReceivables": "50198000",
          "otherCashflowsFromFinancingActivities": "12229000",
          "capitalExpenditures": "1230000"
        },
        {
          "date": "2004-12-31",
          "currency_symbol": "TWD",
          "totalCashflowsFromInvestingActivities": "113432000",
          "totalCashFromOperatingActivities": "36389000",
          "changeToAccountReceivables": "156266000",
          "capitalExpenditures": "1382000"
        },
        {
          "date": "2003-12-31",
          "currency_symbol": "TWD",
          "totalCashFromFinancingActivities": "88274000",
          "changeToInventory": "45163000",
          "otherCashflowsFromFinancingActivities": "96000",
          "capitalExpenditures": "4780000"
        },
        {
          "date": "2002-12-31",
          "currency_symbol": "TWD",
          "totalCashflowsFromInvestingActivities": "41589000",
          "otherCashflowsFromInvestingActivities": "16112000",
          "changeToAccountReceivables": "52637000",
          "capitalExpenditures": "13599000"
        }
      ]
    },
    "Income_Statement": {
      "currency_symbol": "TWD",
      "quarterly": [
        {
          "date": "2019-09-30",
          "currency_symbol": "TWD",
          "researchDevelopment": "6419000",
          "incomeBeforeTax": "19593000",
          "netIncome": "14089000",
          "sellingGeneralAdministrative": "33030000",
          "grossProfit": "63321000",
          "ebit": "23872000",
          "operatingIncome": "23872000",
          "interestExpense": "-1007000",
          "incomeTaxExpense": "5504000",
          "totalRevenue": "274166000",
          "totalOperatingExpenses": "250294000",
          "costOfRevenue": "210845000",
          "totalOtherIncomeExpenseNet": "-4279000",
          "netIncomeFromContinuingOps": "14089000",
          "netIncomeApplicableToCommonShares": "14089000"
        },
        {
          "date": "2019-06-30",
          "currency_symbol": "TWD",
          "researchDevelopment": "4728000",
          "incomeBeforeTax": "47943000",
          "netIncome": "35591000",
          "sellingGeneralAdministrative": "34840000",
          "grossProfit": "80677000",
          "ebit": "41109000",
          "operatingIncome": "41109000",
          "interestExpense": "-1254000",
          "incomeTaxExpense": "12352000",
          "totalRevenue": "325881000",
          "totalOperatingExpenses": "284772000",
          "costOfRevenue": "245204000",
          "totalOtherIncomeExpenseNet": "6834000",
          "netIncomeFromContinuingOps": "35591000",
          "netIncomeApplicableToCommonShares": "35591000"
        },
        {
          "date": "2019-03-31",
          "currency_symbol": "TWD",
          "researchDevelopment": "4894000",
          "incomeBeforeTax": "11714000",
          "netIncome": "9371000",
          "sellingGeneralAdministrative": "36612000",
          "grossProfit": "54764000",
          "ebit": "13258000",
          "operatingIncome": "13258000",
          "interestExpense": "-1373000",
          "incomeTaxExpense": "2343000",
          "totalRevenue": "239328000",
          "totalOperatingExpenses": "226070000",
          "costOfRevenue": "184564000",
          "totalOtherIncomeExpenseNet": "-1544000",
          "netIncomeFromContinuingOps": "9371000",
          "netIncomeApplicableToCommonShares": "9371000"
        },
        {
          "date": "2018-12-31",
          "currency_symbol": "TWD",
          "researchDevelopment": "5518000",
          "incomeBeforeTax": "44466000",
          "netIncome": "35472000",
          "sellingGeneralAdministrative": "51583000",
          "grossProfit": "84562000",
          "ebit": "27461000",
          "operatingIncome": "27461000",
          "interestExpense": "-2335000",
          "incomeTaxExpense": "8994000",
          "totalRevenue": "362511000",
          "totalOperatingExpenses": "335050000",
          "costOfRevenue": "277949000",
          "totalOtherIncomeExpenseNet": "17005000",
          "netIncomeFromContinuingOps": "35472000",
          "netIncomeApplicableToCommonShares": "35472000"
        },
        {
          "date": "2018-09-30",
          "currency_symbol": "TWD",
          "researchDevelopment": "5499000",
          "incomeBeforeTax": "49469000",
          "netIncome": "39535000",
          "sellingGeneralAdministrative": "35601000",
          "grossProfit": "83973000",
          "ebit": "42873000",
          "operatingIncome": "42873000",
          "interestExpense": "-1817000",
          "incomeTaxExpense": "9934000",
          "totalRevenue": "306767000",
          "totalOperatingExpenses": "263894000",
          "costOfRevenue": "222794000",
          "totalOtherIncomeExpenseNet": "6596000",
          "netIncomeFromContinuingOps": "39535000",
          "netIncomeApplicableToCommonShares": "39535000"
        },
        {
          "date": "2018-06-30",
          "filing_date": "0000-00-00",
          "currency_symbol": "TWD",
          "researchDevelopment": "5709000",
          "incomeBeforeTax": "56361000",
          "netIncome": "37992000",
          "sellingGeneralAdministrative": "41077000",
          "grossProfit": "82210000",
          "ebit": "35424000",
          "operatingIncome": "35424000",
          "interestExpense": "-2122000",
          "incomeTaxExpense": "18369000",
          "totalRevenue": "310166000",
          "totalOperatingExpenses": "274742000",
          "costOfRevenue": "227956000",
          "totalOtherIncomeExpenseNet": "20937000",
          "netIncomeFromContinuingOps": "37992000",
          "netIncomeApplicableToCommonShares": "37992000"
        },
        {
          "date": "2018-03-31",
          "filing_date": "0000-00-00",
          "currency_symbol": "TWD",
          "researchDevelopment": "5328000",
          "incomeBeforeTax": "26352000",
          "netIncome": "23077000",
          "sellingGeneralAdministrative": "38530000",
          "grossProfit": "82278000",
          "ebit": "31943000",
          "operatingIncome": "31943000",
          "interestExpense": "2525000",
          "incomeTaxExpense": "3275000",
          "totalRevenue": "291274000",
          "totalOperatingExpenses": "259331000",
          "costOfRevenue": "208996000",
          "totalOtherIncomeExpenseNet": "-5591000",
          "netIncomeFromContinuingOps": "23077000",
          "netIncomeApplicableToCommonShares": "23077000"
        },
        {
          "date": "2017-12-31",
          "filing_date": "0000-00-00",
          "currency_symbol": "TWD",
          "researchDevelopment": "5366000",
          "incomeBeforeTax": "32051000",
          "netIncome": "27023000",
          "sellingGeneralAdministrative": "45088000",
          "grossProfit": "103168000",
          "ebit": "46393000",
          "operatingIncome": "46393000",
          "interestExpense": "2319000",
          "incomeTaxExpense": "5028000",
          "totalRevenue": "389685000",
          "totalOperatingExpenses": "343292000",
          "costOfRevenue": "286517000",
          "totalOtherIncomeExpenseNet": "-14342000",
          "netIncomeFromContinuingOps": "27023000",
          "netIncomeApplicableToCommonShares": "27023000"
        },
        {
          "date": "2017-09-30",
          "filing_date": "0000-00-00",
          "currency_symbol": "TWD",
          "researchDevelopment": "5197000",
          "incomeBeforeTax": "88993000",
          "netIncome": "73864000",
          "sellingGeneralAdministrative": "27721000",
          "grossProfit": "121241000",
          "ebit": "82340000",
          "operatingIncome": "82340000",
          "interestExpense": "2272000",
          "incomeTaxExpense": "15129000",
          "totalRevenue": "391463000",
          "totalOperatingExpenses": "309123000",
          "costOfRevenue": "270222000",
          "totalOtherIncomeExpenseNet": "6653000",
          "netIncomeFromContinuingOps": "73864000",
          "netIncomeApplicableToCommonShares": "73864000"
        },
        {
          "date": "2017-06-30",
          "filing_date": "0000-00-00",
          "currency_symbol": "TWD",
          "researchDevelopment": "5142000",
          "incomeBeforeTax": "77977000",
          "netIncome": "63222000",
          "sellingGeneralAdministrative": "27873000",
          "grossProfit": "95540000",
          "ebit": "56671000",
          "operatingIncome": "56671000",
          "interestExpense": "2053000",
          "incomeTaxExpense": "14755000",
          "totalRevenue": "325077000",
          "totalOperatingExpenses": "268406000",
          "costOfRevenue": "229537000",
          "totalOtherIncomeExpenseNet": "21306000",
          "netIncomeFromContinuingOps": "63222000",
          "netIncomeApplicableToCommonShares": "63222000"
        },
        {
          "date": "2017-03-31",
          "filing_date": "0000-00-00",
          "currency_symbol": "TWD",
          "researchDevelopment": "4497000",
          "incomeBeforeTax": "-33408000",
          "netIncome": "-28445000",
          "sellingGeneralAdministrative": "30493000",
          "grossProfit": "70073000",
          "ebit": "29327000",
          "operatingIncome": "29327000",
          "interestExpense": "1682000",
          "incomeTaxExpense": "-4963000",
          "totalRevenue": "233487000",
          "totalOperatingExpenses": "204160000",
          "costOfRevenue": "163414000",
          "totalOtherIncomeExpenseNet": "-62735000",
          "netIncomeFromContinuingOps": "-28445000",
          "netIncomeApplicableToCommonShares": "-28445000"
        },
        {
          "date": "2016-12-31",
          "filing_date": "0000-00-00",
          "currency_symbol": "TWD",
          "researchDevelopment": "5055000",
          "incomeBeforeTax": "41371000",
          "netIncome": "36305000",
          "sellingGeneralAdministrative": "41302000",
          "grossProfit": "69983000",
          "ebit": "17958000",
          "operatingIncome": "17958000",
          "interestExpense": "1633000",
          "incomeTaxExpense": "5066000",
          "totalRevenue": "257460000",
          "totalOperatingExpenses": "239502000",
          "costOfRevenue": "187477000",
          "totalOtherIncomeExpenseNet": "23413000",
          "netIncomeFromContinuingOps": "36305000",
          "netIncomeApplicableToCommonShares": "36305000"
        },
        {
          "date": "2016-09-30",
          "currency_symbol": "TWD",
          "incomeBeforeTax": "5384000",
          "sellingGeneralAdministrative": "27400000",
          "grossProfit": "68256000",
          "operatingIncome": "31317000",
          "interestExpense": "1588000",
          "incomeTaxExpense": "1473000",
          "totalRevenue": "238248000",
          "costOfRevenue": "169992000"
        },
        {
          "date": "2016-06-30",
          "currency_symbol": "TWD",
          "incomeBeforeTax": "47905000",
          "sellingGeneralAdministrative": "25692000",
          "grossProfit": "83205000",
          "operatingIncome": "48362000",
          "interestExpense": "1558000",
          "incomeTaxExpense": "9276000",
          "totalRevenue": "264329000",
          "costOfRevenue": "181124000"
        },
        {
          "date": "2016-03-31",
          "currency_symbol": "TWD",
          "incomeBeforeTax": "10621000",
          "sellingGeneralAdministrative": "25586000",
          "grossProfit": "59294000",
          "operatingIncome": "24615000",
          "interestExpense": "1679000",
          "totalRevenue": "194784000",
          "costOfRevenue": "135490000"
        },
        {
          "date": "2015-12-31",
          "currency_symbol": "TWD",
          "sellingGeneralAdministrative": "38602000",
          "grossProfit": "53128000",
          "operatingIncome": "5149000",
          "interestExpense": "1698000",
          "totalRevenue": "213603000",
          "costOfRevenue": "160475000"
        },
        {
          "date": "2015-09-30",
          "currency_symbol": "TWD",
          "incomeBeforeTax": "54873000",
          "sellingGeneralAdministrative": "24207000",
          "grossProfit": "54862000",
          "operatingIncome": "21880000",
          "interestExpense": "1768000",
          "incomeTaxExpense": "6494000",
          "totalRevenue": "233260000",
          "costOfRevenue": "178398000"
        },
        {
          "date": "2015-06-30",
          "currency_symbol": "TWD",
          "incomeBeforeTax": "25697000",
          "sellingGeneralAdministrative": "28243000",
          "grossProfit": "63937000",
          "operatingIncome": "26916000",
          "interestExpense": "1567000",
          "incomeTaxExpense": "6370000",
          "totalRevenue": "256751000",
          "costOfRevenue": "192814000"
        },
        {
          "date": "2015-03-31",
          "currency_symbol": "TWD",
          "incomeBeforeTax": "6907000",
          "sellingGeneralAdministrative": "22968000",
          "grossProfit": "49862000",
          "operatingIncome": "18231000",
          "interestExpense": "1396000",
          "incomeTaxExpense": "2423000",
          "totalRevenue": "199321000",
          "costOfRevenue": "149459000"
        },
        {
          "date": "2014-12-31",
          "currency_symbol": "TWD",
          "incomeBeforeTax": "18340000",
          "sellingGeneralAdministrative": "33216000",
          "grossProfit": "52658000",
          "operatingIncome": "11493000",
          "interestExpense": "1740000",
          "incomeTaxExpense": "2297000",
          "totalRevenue": "204048000",
          "costOfRevenue": "151390000"
        },
        {
          "date": "2014-09-30",
          "currency_symbol": "TWD",
          "incomeBeforeTax": "13896000",
          "sellingGeneralAdministrative": "22675000",
          "grossProfit": "45399000",
          "operatingIncome": "14703000",
          "interestExpense": "1256000",
          "incomeTaxExpense": "1886000",
          "totalRevenue": "186450000",
          "costOfRevenue": "141051000"
        },
        {
          "date": "2014-06-30",
          "currency_symbol": "TWD",
          "incomeBeforeTax": "14506000",
          "sellingGeneralAdministrative": "22275000",
          "grossProfit": "48594000",
          "operatingIncome": "18642000",
          "interestExpense": "1373000",
          "incomeTaxExpense": "966000",
          "totalRevenue": "192783000",
          "costOfRevenue": "144189000"
        },
        {
          "date": "2014-03-31",
          "currency_symbol": "TWD",
          "incomeBeforeTax": "14289000",
          "sellingGeneralAdministrative": "22577000",
          "grossProfit": "41877000",
          "operatingIncome": "11762000",
          "interestExpense": "1423000",
          "incomeTaxExpense": "1562000",
          "totalRevenue": "172720000",
          "costOfRevenue": "130843000"
        },
        {
          "date": "2013-12-31",
          "currency_symbol": "TWD",
          "incomeBeforeTax": "10959000",
          "sellingGeneralAdministrative": "28959000",
          "grossProfit": "45726000",
          "operatingIncome": "9004000",
          "interestExpense": "1609000",
          "incomeTaxExpense": "1446000",
          "totalRevenue": "197240000",
          "costOfRevenue": "151514000"
        },
        {
          "date": "2013-09-30",
          "currency_symbol": "TWD",
          "incomeBeforeTax": "7110000",
          "sellingGeneralAdministrative": "21460000",
          "grossProfit": "35405000",
          "operatingIncome": "7045000",
          "interestExpense": "1554000",
          "incomeTaxExpense": "798000",
          "totalRevenue": "160134000",
          "costOfRevenue": "124729000"
        },
        {
          "date": "2013-06-30",
          "currency_symbol": "TWD",
          "incomeBeforeTax": "11655000",
          "sellingGeneralAdministrative": "21882000",
          "grossProfit": "40041000",
          "operatingIncome": "11016000",
          "interestExpense": "1676000",
          "incomeTaxExpense": "1826000",
          "totalRevenue": "181731000",
          "costOfRevenue": "141690000"
        },
        {
          "date": "2013-03-31",
          "currency_symbol": "TWD",
          "incomeBeforeTax": "9316000",
          "sellingGeneralAdministrative": "20213000",
          "grossProfit": "37912000",
          "operatingIncome": "10223000",
          "interestExpense": "1791000",
          "totalRevenue": "168467000",
          "costOfRevenue": "130555000"
        },
        {
          "date": "2012-12-31",
          "currency_symbol": "TWD",
          "incomeBeforeTax": "5857000",
          "sellingGeneralAdministrative": "19498000",
          "grossProfit": "33128000",
          "operatingIncome": "5435000",
          "interestExpense": "1733000",
          "incomeTaxExpense": "740000",
          "totalRevenue": "165214000",
          "costOfRevenue": "132086000"
        },
        {
          "date": "2012-09-30",
          "currency_symbol": "TWD",
          "incomeBeforeTax": "4794000",
          "sellingGeneralAdministrative": "22497000",
          "grossProfit": "35675000",
          "operatingIncome": "5111000",
          "interestExpense": "1765000",
          "incomeTaxExpense": "542000",
          "totalRevenue": "160567000",
          "costOfRevenue": "124892000"
        },
        {
          "date": "2012-06-30",
          "currency_symbol": "TWD",
          "incomeBeforeTax": "2447000",
          "sellingGeneralAdministrative": "21533000",
          "grossProfit": "36980000",
          "operatingIncome": "7366000",
          "interestExpense": "1815000",
          "totalRevenue": "170596000",
          "costOfRevenue": "133616000"
        },
        {
          "date": "2012-03-31",
          "currency_symbol": "TWD",
          "incomeBeforeTax": "788000",
          "sellingGeneralAdministrative": "20845000",
          "grossProfit": "28420000",
          "operatingIncome": "1882000",
          "interestExpense": "1851000",
          "incomeTaxExpense": "119000",
          "totalRevenue": "147299000",
          "costOfRevenue": "118879000"
        },
        {
          "date": "2011-12-31",
          "currency_symbol": "TWD",
          "sellingGeneralAdministrative": "26748000",
          "grossProfit": "26335000",
          "interestExpense": "1514000",
          "incomeTaxExpense": "358000",
          "totalRevenue": "159330000",
          "costOfRevenue": "132995000"
        },
        {
          "date": "2011-09-30",
          "currency_symbol": "TWD",
          "incomeBeforeTax": "18629000",
          "sellingGeneralAdministrative": "19807000",
          "grossProfit": "45828000",
          "operatingIncome": "18190000",
          "interestExpense": "1444000",
          "incomeTaxExpense": "1672000",
          "totalRevenue": "167946000",
          "costOfRevenue": "122118000"
        },
        {
          "date": "2011-06-30",
          "currency_symbol": "TWD",
          "incomeBeforeTax": "17271000",
          "sellingGeneralAdministrative": "19390000",
          "grossProfit": "42601000",
          "operatingIncome": "16582000",
          "interestExpense": "1666000",
          "incomeTaxExpense": "1285000",
          "totalRevenue": "191596000",
          "costOfRevenue": "148995000"
        },
        {
          "date": "2011-03-31",
          "currency_symbol": "TWD",
          "incomeBeforeTax": "5608000",
          "sellingGeneralAdministrative": "18733000",
          "grossProfit": "27647000",
          "operatingIncome": "2697000",
          "interestExpense": "1657000",
          "incomeTaxExpense": "673000",
          "totalRevenue": "142224000",
          "costOfRevenue": "114577000"
        },
        {
          "date": "2010-12-31",
          "currency_symbol": "TWD",
          "sellingGeneralAdministrative": "20824000",
          "grossProfit": "31084000",
          "operatingIncome": "3821000",
          "interestExpense": "1774000",
          "totalRevenue": "158630000",
          "costOfRevenue": "127546000"
        },
        {
          "date": "2010-09-30",
          "currency_symbol": "TWD",
          "incomeBeforeTax": "4653000",
          "sellingGeneralAdministrative": "18787000",
          "grossProfit": "29173000",
          "operatingIncome": "2939000",
          "interestExpense": "1570000",
          "incomeTaxExpense": "589000",
          "totalRevenue": "146054000",
          "costOfRevenue": "116881000"
        },
        {
          "date": "2010-06-30",
          "currency_symbol": "TWD",
          "incomeBeforeTax": "5613000",
          "sellingGeneralAdministrative": "19568000",
          "grossProfit": "40706000",
          "operatingIncome": "12681000",
          "interestExpense": "2076000",
          "incomeTaxExpense": "6434000",
          "totalRevenue": "177945000",
          "costOfRevenue": "137239000"
        },
        {
          "date": "2010-03-31",
          "currency_symbol": "TWD",
          "incomeBeforeTax": "5195000",
          "sellingGeneralAdministrative": "18471000",
          "grossProfit": "35914000",
          "operatingIncome": "8980000",
          "interestExpense": "2038000",
          "incomeTaxExpense": "520000",
          "totalRevenue": "148668000",
          "costOfRevenue": "112754000"
        },
        {
          "date": "2009-12-31",
          "currency_symbol": "TWD",
          "incomeBeforeTax": "6299000",
          "sellingGeneralAdministrative": "18161000",
          "grossProfit": "36933000",
          "operatingIncome": "10795000",
          "interestExpense": "2231000",
          "incomeTaxExpense": "875000",
          "totalRevenue": "138927000",
          "costOfRevenue": "101994000"
        },
        {
          "date": "2009-09-30",
          "currency_symbol": "TWD",
          "sellingGeneralAdministrative": "18567000",
          "grossProfit": "22949000",
          "interestExpense": "2293000",
          "totalRevenue": "111738000",
          "costOfRevenue": "88789000"
        },
        {
          "date": "2009-06-30",
          "currency_symbol": "TWD",
          "sellingGeneralAdministrative": "16580000",
          "grossProfit": "21038000",
          "interestExpense": "2480000",
          "incomeTaxExpense": "9458000",
          "totalRevenue": "119265000",
          "costOfRevenue": "98227000"
        },
        {
          "date": "2009-03-31",
          "currency_symbol": "TWD",
          "sellingGeneralAdministrative": "18231000",
          "grossProfit": "19966000",
          "interestExpense": "2822000",
          "totalRevenue": "134851000",
          "costOfRevenue": "114885000"
        },
        {
          "date": "2008-12-31",
          "currency_symbol": "TWD",
          "sellingGeneralAdministrative": "13045000",
          "grossProfit": "26736000",
          "operatingIncome": "7347000",
          "interestExpense": "3630000",
          "totalRevenue": "162711000",
          "costOfRevenue": "135975000"
        },
        {
          "date": "2008-09-30",
          "currency_symbol": "TWD"
        },
        {
          "date": "2008-06-30",
          "currency_symbol": "TWD",
          "incomeBeforeTax": "5183000",
          "sellingGeneralAdministrative": "19490000",
          "grossProfit": "31046000",
          "operatingIncome": "1891000",
          "interestExpense": "3300000",
          "totalRevenue": "143104000",
          "costOfRevenue": "112058000"
        },
        {
          "date": "2008-03-31",
          "currency_symbol": "TWD",
          "incomeBeforeTax": "1488000",
          "sellingGeneralAdministrative": "17886000",
          "grossProfit": "32216000",
          "operatingIncome": "5706000",
          "interestExpense": "3977000",
          "incomeTaxExpense": "35000",
          "totalRevenue": "173667000",
          "costOfRevenue": "141451000"
        },
        {
          "date": "2007-06-30",
          "currency_symbol": "TWD"
        },
        {
          "date": "2006-06-30",
          "currency_symbol": "TWD"
        },
        {
          "date": "2005-06-30",
          "currency_symbol": "TWD"
        },
        {
          "date": "2002-06-30",
          "currency_symbol": "TWD"
        }
      ],
      "yearly": [
        {
          "date": "2018-12-31",
          "currency_symbol": "TWD",
          "researchDevelopment": "22054000",
          "incomeBeforeTax": "176648000",
          "netIncome": "136076000",
          "sellingGeneralAdministrative": "166791000",
          "grossProfit": "326546000",
          "ebit": "137701000",
          "operatingIncome": "137701000",
          "interestExpense": "-8799000",
          "incomeTaxExpense": "40572000",
          "totalRevenue": "1270718000",
          "totalOperatingExpenses": "1133017000",
          "costOfRevenue": "944172000",
          "totalOtherIncomeExpenseNet": "38947000",
          "netIncomeFromContinuingOps": "136076000",
          "netIncomeApplicableToCommonShares": "136076000"
        },
        {
          "date": "2017-12-31",
          "filing_date": "0000-00-00",
          "currency_symbol": "TWD",
          "researchDevelopment": "20202000",
          "incomeBeforeTax": "165613000",
          "netIncome": "135664000",
          "sellingGeneralAdministrative": "131175000",
          "grossProfit": "366108000",
          "ebit": "214731000",
          "operatingIncome": "214731000",
          "interestExpense": "-8326000",
          "incomeTaxExpense": "29949000",
          "totalRevenue": "1339712000",
          "totalOperatingExpenses": "1124981000",
          "costOfRevenue": "973604000",
          "totalOtherIncomeExpenseNet": "-49118000",
          "netIncomeFromContinuingOps": "135664000",
          "netIncomeApplicableToCommonShares": "135664000"
        },
        {
          "date": "2016-12-31",
          "filing_date": "0000-00-00",
          "currency_symbol": "TWD",
          "researchDevelopment": "16465000",
          "incomeBeforeTax": "105281000",
          "netIncome": "89920000",
          "sellingGeneralAdministrative": "119980000",
          "grossProfit": "258697000",
          "ebit": "122252000",
          "operatingIncome": "122252000",
          "interestExpense": "-6458000",
          "incomeTaxExpense": "15361000",
          "totalRevenue": "954821000",
          "totalOperatingExpenses": "832569000",
          "costOfRevenue": "696124000",
          "totalOtherIncomeExpenseNet": "-16971000",
          "netIncomeFromContinuingOps": "89920000",
          "netIncomeApplicableToCommonShares": "89920000"
        },
        {
          "date": "2015-12-31",
          "filing_date": "0000-00-00",
          "currency_symbol": "TWD",
          "researchDevelopment": "18823000",
          "incomeBeforeTax": "87141000",
          "netIncome": "72685000",
          "sellingGeneralAdministrative": "114020000",
          "grossProfit": "205019000",
          "ebit": "72176000",
          "operatingIncome": "72176000",
          "interestExpense": "-6429000",
          "incomeTaxExpense": "14456000",
          "totalRevenue": "902935000",
          "totalOperatingExpenses": "830759000",
          "costOfRevenue": "697916000",
          "totalOtherIncomeExpenseNet": "14965000",
          "netIncomeFromContinuingOps": "72685000",
          "netIncomeApplicableToCommonShares": "72685000"
        },
        {
          "date": "2014-12-31",
          "filing_date": "0000-00-00",
          "currency_symbol": "TWD",
          "researchDevelopment": "17062000",
          "incomeBeforeTax": "61016000",
          "netIncome": "54305000",
          "sellingGeneralAdministrative": "100758000",
          "grossProfit": "174405000",
          "ebit": "56615000",
          "operatingIncome": "56585000",
          "interestExpense": "5267000",
          "incomeTaxExpense": "6711000",
          "totalRevenue": "756001000",
          "totalOperatingExpenses": "699386000",
          "costOfRevenue": "567473000",
          "totalOtherIncomeExpenseNet": "4431000",
          "netIncomeFromContinuingOps": "54335000",
          "netIncomeApplicableToCommonShares": "54305000"
        },
        {
          "date": "2013-12-31",
          "filing_date": "0000-00-00",
          "currency_symbol": "TWD",
          "researchDevelopment": "14495000",
          "incomeBeforeTax": "39040000",
          "netIncome": "35005000",
          "sellingGeneralAdministrative": "92514000",
          "grossProfit": "144297000",
          "ebit": "37288000",
          "operatingIncome": "37288000",
          "interestExpense": "6548000",
          "incomeTaxExpense": "4035000",
          "totalRevenue": "707572000",
          "totalOperatingExpenses": "670284000",
          "costOfRevenue": "548488000",
          "totalOtherIncomeExpenseNet": "1752000",
          "netIncomeFromContinuingOps": "35005000",
          "netIncomeApplicableToCommonShares": "35005000"
        },
        {
          "date": "2012-12-31",
          "currency_symbol": "TWD",
          "researchDevelopment": "15040000",
          "incomeBeforeTax": "13886000",
          "netIncome": "14222000",
          "sellingGeneralAdministrative": "84373000",
          "operatingIncome": "19794000",
          "interestExpense": "7164000",
          "totalRevenue": "643676000",
          "costOfRevenue": "509473000",
          "netIncomeApplicableToCommonShares": "14222000"
        },
        {
          "date": "2011-12-31",
          "currency_symbol": "TWD",
          "researchDevelopment": "13396000",
          "incomeBeforeTax": "29838000",
          "netIncome": "25850000",
          "sellingGeneralAdministrative": "84678000",
          "operatingIncome": "29560000",
          "interestExpense": "6281000",
          "incomeTaxExpense": "3988000",
          "totalRevenue": "661096000",
          "costOfRevenue": "518685000",
          "netIncomeApplicableToCommonShares": "25850000"
        },
        {
          "date": "2010-12-31",
          "currency_symbol": "TWD",
          "researchDevelopment": "16260000",
          "incomeBeforeTax": "11096000",
          "netIncome": "4116000",
          "sellingGeneralAdministrative": "77650000",
          "operatingIncome": "28421000",
          "interestExpense": "7458000",
          "incomeTaxExpense": "6980000",
          "totalRevenue": "631297000",
          "costOfRevenue": "494420000",
          "netIncomeApplicableToCommonShares": "4116000"
        },
        {
          "date": "2009-12-31",
          "currency_symbol": "TWD",
          "researchDevelopment": "14995000",
          "sellingGeneralAdministrative": "71539000",
          "interestExpense": "9826000",
          "incomeTaxExpense": "8525000",
          "totalRevenue": "504781000",
          "costOfRevenue": "403895000"
        },
        {
          "date": "2008-12-31",
          "currency_symbol": "TWD",
          "researchDevelopment": "13844000",
          "incomeBeforeTax": "6341000",
          "netIncome": "13611000",
          "sellingGeneralAdministrative": "73261000",
          "operatingIncome": "20319000",
          "interestExpense": "14223000",
          "totalRevenue": "648841000",
          "costOfRevenue": "519854000",
          "netIncomeApplicableToCommonShares": "13611000"
        },
        {
          "date": "2007-12-31",
          "currency_symbol": "TWD",
          "researchDevelopment": "12646000",
          "incomeBeforeTax": "1319000",
          "sellingGeneralAdministrative": "69596000",
          "interestExpense": "16305000",
          "incomeTaxExpense": "32337000",
          "totalRevenue": "507566000",
          "costOfRevenue": "404725000"
        },
        {
          "date": "2006-12-31",
          "currency_symbol": "TWD",
          "researchDevelopment": "13469000",
          "sellingGeneralAdministrative": "77162000",
          "interestExpense": "15206000",
          "totalRevenue": "446531000",
          "costOfRevenue": "383967000"
        },
        {
          "date": "2005-12-31",
          "currency_symbol": "TWD",
          "researchDevelopment": "16014000",
          "sellingGeneralAdministrative": "75527000",
          "interestExpense": "16199000",
          "incomeTaxExpense": "2150000",
          "totalRevenue": "412700000",
          "costOfRevenue": "377534000"
        },
        {
          "date": "2004-12-31",
          "currency_symbol": "TWD",
          "researchDevelopment": "21362000",
          "sellingGeneralAdministrative": "106769000",
          "interestExpense": "16728000",
          "totalRevenue": "540917000",
          "costOfRevenue": "452221000"
        },
        {
          "date": "2003-12-31",
          "currency_symbol": "TWD",
          "researchDevelopment": "23264000",
          "sellingGeneralAdministrative": "107289000",
          "interestExpense": "21270000",
          "totalRevenue": "630959000",
          "costOfRevenue": "471428000"
        },
        {
          "date": "2002-12-31",
          "currency_symbol": "TWD",
          "researchDevelopment": "27642000",
          "sellingGeneralAdministrative": "109121000",
          "interestExpense": "27771000",
          "totalRevenue": "570037000",
          "costOfRevenue": "488431000"
        }
      ]
    }
  },
  "SharesStats": {
    "SharesOutstanding": "60000000",
    "PercentInsiders": "0.34",
    "PercentInstitutions": "0"
  },
  "outstandingShares": {}
}