{
  "LastUpdate": "0001-01-01T00:00:00Z",
  "General": {
    "Code": "ABB",
    "Type": "Common Stock",
    "Name": "ABB Ltd",
    "Exchange": "NYSE",
    "CurrencyCode": "USD",
    "CurrencyName": "US Dollar",
    "CurrencySymbol": "$",
    "CountryName": "USA",
    "CountryISO": "US",
    "Sector": "Industrials",
    "Industry": "Diversified Industrials",
    "Description": "ABB Ltd manufactures and sells electrification, industrial automation, and robotics and motion products for customers in utilities, industry and transport, and infrastructure worldwide. Its Electrification Products segment provides electric vehicle charging infrastructure, solar power solutions, modular substation packages, distribution automation products, switchboard and panel boards, switchgears, UPS solutions, circuit breakers, measuring and sensing devices, control products, wiring accessories, enclosures and cabling systems, and intelligent home and building solutions. This segment serves building, data center, rail, wind and solar, distribution utilities, food and beverage, marine, e-mobility, and oil and gas industries. The company's Robotics and Motion segment offers robotics, motors, generators, drives, wind converters, components and systems for railways and related services, and digital solutions for applications in industries, transportation and infrastructure, and utilities. This segment serves machinery manufacturers, process industries, hybrid and batch manufacturers, transportation equipment manufacturers, discrete manufacturing companies, utilities, and customers in the automotive industry. Its Industrial Automation segment provides process and discrete control solutions, advanced process control software and manufacturing execution systems, sensing, measurement and analytical instrumentation and solutions, electric ship propulsion systems, machine and factory automation solutions, and turbochargers, as well as remote monitoring, preventive maintenance, and cybersecurity services. This segment serves companies in the oil and gas, minerals and mining, metals, pulp and paper, chemicals and pharmaceuticals, food and beverage, power generation, and marine industries. ABB Ltd has a strategic collaboration with IBM. ABB Ltd was founded in 1883 and is headquartered in Zurich, Switzerland.",
    "ISIN": "US0003752047",
    "FullTimeEmployees": 147000,
    "UpdatedAt": "2019-10-02",
    "CUSIP": "000375204",
    "LogoURL": "/img/logos/US/ABB.png",
    "CIK": "0001091587",
    "EmployerIdNumber": "",
    "FiscalYearEnd": "December",
    "IPODate": "1996-10-23",
    "InternationalDomestic": "International/Domestic",
    "GicSector": "Industrials",
    "GicGroup": "Capital Goods",
    "GicIndustry": "Electrical Equipment",
    "GicSubIndustry": "Electrical Components \u0026 Equipment",
    "Address": "Affolternstrasse 44\n8050,Zurich,CHE\n",
    "Phone": "41 43 317 71 11",
    "WebURL": "new.abb.com"
  },
  "Highlights": {
    "MarketCapitalization": "39797911552",
    "MarketCapitalizationMln": "39797.9116",
    "EBITDA": "3142000128",
    "PERatio": "26.0534",
    "PEGRatio": "2.71",
    "WallStreetTargetPrice": "20.81",
    "BookValue": "6.048",
    "DividendShare": "0.79",
    "DividendYield": "0.041",
    "EarningsShare": "0.712",
    "EPSEstimateCurrentYear": "1.03",
    "EPSEstimateNextYear": "1.14",
    "MostRecentQuarter": "2019-06-30",
    "ProfitMargin": "0.0533",
    "OperatingMarginTTM": "0.0784",
    "ReturnOnAssetsTTM": "0.0308",
    "ReturnOnEquityTTM": "0.0724",
    "RevenueTTM": "28508000256",
    "RevenuePerShareTTM": "13.371",
    "QuarterlyRevenueGrowthYOY": "0.065",
    "GrossProfitTTM": "8603000000",
    "DilutedEpsTTM": "0.712",
    "QuarterlyEarningsGrowthYOY": "-0.906"
  },
  "Valuation": {
    "TrailingPE": "26.0534",
    "ForwardPE": "16.2719",
    "PriceBookMRQ": "3.0671",
    "EnterpriseValueRevenue": "1.74",
    "EnterpriseValueEbitda": "15.783"
  },
  "Technicals": {
    "Beta": "1.067",
    "52WeekHigh": "23.31",
    "52WeekLow": "17.71",
    "50DayMA": "19.2794",
    "200DayMA": "19.2539",
    "SharesShort": "3358481",
    "SharesShortPriorMonth": "3662774",
    "ShortRatio": "1.89"
  },
  "SplitsDividends": {
    "ForwardAnnualDividendRate": "0.79",
    "ForwardAnnualDividendYield": "0.041",
    "PayoutRatio": "1.7871",
    "DividendDate": "2019-06-13",
    "ExDividendDate": "2019-05-06",
    "LastSplitFactor": "1/4",
    "LastSplitDate": "2001-03-29",
    "NumberDividendsByYear": {
      "13": {
        "Year": 2018,
        "Count": 1
      },
      "10": {
        "Year": 2015,
        "Count": 2
      },
      "0": {
        "Year": 2003,
        "Count": 1
      },
      "1": {
        "Year": 2006,
        "Count": 1
      },
      "4": {
        "Year": 2009,
        "Count": 1
      },
      "5": {
        "Year": 2010,
        "Count": 1
      },
      "8": {
        "Year": 2013,
        "Count": 1
      },
      "3": {
        "Year": 2008,
        "Count": 1
      },
      "7": {
        "Year": 2012,
        "Count": 1
      },
      "14": {
        "Year": 2019,
        "Count": 1
      },
      "2": {
        "Year": 2007,
        "Count": 1
      },
      "6": {
        "Year": 2011,
        "Count": 1
      },
      "9": {
        "Year": 2014,
        "Count": 1
      },
      "11": {
        "Year": 2016,
        "Count": 1
      },
      "12": {
        "Year": 2017,
        "Count": 1
      }
    }
  },
  "Earnings": {
    "History": {
      "2018-03-31": {
        "date": "2018-03-31",
        "reportDate": "2018-04-19",
        "epsActual": "0.31",
        "epsEstimate": "0.31",
        "epsDifference": "0",
        "surprisePercent": "0"
      },
      "2017-12-31": {
        "date": "2017-12-31",
        "reportDate": "2018-02-08",
        "epsActual": "0.33",
        "epsEstimate": "0.29",
        "epsDifference": "0.04",
        "surprisePercent": "13.8"
      },
      "2017-03-31": {
        "date": "2017-03-31",
        "epsActual": "0.28",
        "epsEstimate": "0.25",
        "epsDifference": "0.03",
        "surprisePercent": "12"
      },
      "2019-06-30": {
        "date": "2019-06-30"
      },
      "2019-03-31": {
        "date": "2019-03-31"
      },
      "2018-12-31": {
        "date": "2018-12-31"
      },
      "2018-06-30": {
        "date": "2018-06-30",
        "reportDate": "2018-07-19",
        "epsActual": "0.38",
        "epsEstimate": "0.35",
        "epsDifference": "0.03",
        "surprisePercent": "8.6"
      },
      "2016-09-30": {
        "date": "2016-09-30",
        "epsActual": "0.27",
        "epsEstimate": "0.3",
        "epsDifference": "-0.03",
        "surprisePercent": "-10"
      },
      "2016-06-30": {
        "date": "2016-06-30",
        "epsActual": "0.19",
        "epsEstimate": "0.26",
        "epsDifference": "-0.07",
        "surprisePercent": "-26.9"
      },
      "2018-09-30": {
        "date": "2018-09-30",
        "reportDate": "2018-10-25",
        "epsActual": "0.34",
        "epsEstimate": "0.37",
        "epsDifference": "-0.03",
        "surprisePercent": "-8.1"
      },
      "2017-09-30": {
        "date": "2017-09-30",
        "epsActual": "0.34",
        "epsEstimate": "0.31",
        "epsDifference": "0.03",
        "surprisePercent": "9.7"
      },
      "2017-06-30": {
        "date": "2017-06-30",
        "epsActual": "0.3",
        "epsEstimate": "0.3",
        "epsDifference": "0",
        "surprisePercent": "0"
      },
      "2016-12-31": {
        "date": "2016-12-31",
        "epsActual": "0.33",
        "epsEstimate": "0.27",
        "epsDifference": "0.06",
        "surprisePercent": "22.2"
      }
    },
    "Trend": {
      "2018-03-31": {
        "date": "2018-03-31",
        "period": "0q",
        "growth": "0.107",
        "earningsEstimateAvg": "0.31",
        "earningsEstimateLow": "0.31",
        "earningsEstimateHigh": "0.32",
        "earningsEstimateYearAgoEps": "0.28",
        "earningsEstimateNumberOfAnalysts": "3",
        "earningsEstimateGrowth": "0.107",
        "revenueEstimateAvg": "8364670000",
        "revenueEstimateLow": "8272000000",
        "revenueEstimateHigh": "8459000000",
        "revenueEstimateNumberOfAnalysts": "3",
        "revenueEstimateGrowth": "0.065",
        "epsTrendCurrent": "0.31",
        "epsTrend7daysAgo": "0.32",
        "epsTrend30daysAgo": "0.32",
        "epsTrend60daysAgo": "0.3",
        "epsTrend90daysAgo": "0.34",
        "epsRevisionsUpLast7days": "0",
        "epsRevisionsUpLast30days": "0",
        "epsRevisionsDownLast30days": "1"
      },
      "2017-12-31": {
        "date": "2017-12-31",
        "period": "0y",
        "growth": "-0.093",
        "earningsEstimateAvg": "1.17",
        "earningsEstimateLow": "1.15",
        "earningsEstimateHigh": "1.19",
        "earningsEstimateYearAgoEps": "1.29",
        "earningsEstimateNumberOfAnalysts": "3",
        "earningsEstimateGrowth": "-0.093",
        "revenueEstimateAvg": "34454400000",
        "revenueEstimateLow": "34057000000",
        "revenueEstimateHigh": "34839900000",
        "revenueEstimateNumberOfAnalysts": "6",
        "revenueEstimateGrowth": "0.019",
        "epsTrendCurrent": "1.17",
        "epsTrend7daysAgo": "1.17",
        "epsTrend30daysAgo": "1.24",
        "epsTrend60daysAgo": "1.23",
        "epsTrend90daysAgo": "1.22",
        "epsRevisionsUpLast7days": "0",
        "epsRevisionsUpLast30days": "1",
        "epsRevisionsDownLast30days": "0"
      },
      "2019-06-30": {
        "date": "2019-06-30",
        "period": "0q",
        "growth": "-0.316",
        "earningsEstimateAvg": "0.26",
        "earningsEstimateLow": "0.22",
        "earningsEstimateHigh": "0.29",
        "earningsEstimateYearAgoEps": "0.38",
        "earningsEstimateNumberOfAnalysts": "3",
        "earningsEstimateGrowth": "-0.316",
        "revenueEstimateAvg": "7318780000",
        "revenueEstimateLow": "7193000000",
        "revenueEstimateHigh": "7428330000",
        "revenueEstimateNumberOfAnalysts": "3",
        "revenueEstimateGrowth": "-0.177",
        "epsTrendCurrent": "0.26",
        "epsTrend7daysAgo": "0.26",
        "epsTrend30daysAgo": "0.26",
        "epsTrend60daysAgo": "0.26",
        "epsTrend90daysAgo": "0.27",
        "epsRevisionsUpLast7days": "0",
        "epsRevisionsUpLast30days": "1",
        "epsRevisionsDownLast30days": "0"
      },
      "2018-09-30": {
        "date": "2018-09-30",
        "period": "0q",
        "growth": "0.088",
        "earningsEstimateAvg": "0.37",
        "earningsEstimateLow": "0.35",
        "earningsEstimateHigh": "0.38",
        "earningsEstimateYearAgoEps": "0.34",
        "earningsEstimateNumberOfAnalysts": "3",
        "earningsEstimateGrowth": "0.088",
        "revenueEstimateAvg": "9382540000",
        "revenueEstimateLow": "9225000000",
        "revenueEstimateHigh": "9686610000",
        "revenueEstimateNumberOfAnalysts": "3",
        "revenueEstimateGrowth": "0.075",
        "epsTrendCurrent": "0.37",
        "epsTrend7daysAgo": "0.37",
        "epsTrend30daysAgo": "0.38",
        "epsTrend60daysAgo": "0.38",
        "epsTrend90daysAgo": "0.37",
        "epsRevisionsUpLast7days": "0",
        "epsRevisionsUpLast30days": "0",
        "epsRevisionsDownLast30days": "0"
      },
      "2018-06-30": {
        "date": "2018-06-30",
        "period": "0q",
        "growth": "0.167",
        "earningsEstimateAvg": "0.35",
        "earningsEstimateLow": "0.34",
        "earningsEstimateHigh": "0.37",
        "earningsEstimateYearAgoEps": "0.3",
        "earningsEstimateNumberOfAnalysts": "3",
        "earningsEstimateGrowth": "0.167",
        "revenueEstimateAvg": "9064670000",
        "revenueEstimateLow": "9017000000",
        "revenueEstimateHigh": "9115000000",
        "revenueEstimateNumberOfAnalysts": "3",
        "revenueEstimateGrowth": "0.072",
        "epsTrendCurrent": "0.35",
        "epsTrend7daysAgo": "0.35",
        "epsTrend30daysAgo": "0.34",
        "epsTrend60daysAgo": "0.34",
        "epsTrend90daysAgo": "0.34",
        "epsRevisionsUpLast7days": "1",
        "epsRevisionsUpLast30days": "1",
        "epsRevisionsDownLast30days": "0"
      },
      "2019-03-31": {
        "date": "2019-03-31",
        "period": "0q",
        "growth": "-0.323",
        "earningsEstimateAvg": "0.21",
        "earningsEstimateLow": "0.2",
        "earningsEstimateHigh": "0.23",
        "earningsEstimateYearAgoEps": "0.31",
        "earningsEstimateNumberOfAnalysts": "2",
        "earningsEstimateGrowth": "-0.323",
        "revenueEstimateAvg": "6841440000",
        "revenueEstimateLow": "6796000000",
        "revenueEstimateHigh": "6886880000",
        "revenueEstimateNumberOfAnalysts": "2",
        "revenueEstimateGrowth": "-0.207",
        "epsTrendCurrent": "0.21",
        "epsTrend7daysAgo": "0.21",
        "epsTrend30daysAgo": "0.24",
        "epsTrend60daysAgo": "0.33",
        "epsTrend90daysAgo": "0.33",
        "epsRevisionsUpLast7days": "0",
        "epsRevisionsUpLast30days": "0",
        "epsRevisionsDownLast30days": "1"
      },
      "2018-12-31": {
        "date": "2018-12-31",
        "period": "0y",
        "growth": "0.04",
        "earningsEstimateAvg": "1.3",
        "earningsEstimateLow": "1.2",
        "earningsEstimateHigh": "1.4",
        "earningsEstimateYearAgoEps": "1.25",
        "earningsEstimateNumberOfAnalysts": "2",
        "earningsEstimateGrowth": "0.04",
        "revenueEstimateAvg": "37224000000",
        "revenueEstimateLow": "36530000000",
        "revenueEstimateHigh": "38641000000",
        "revenueEstimateNumberOfAnalysts": "4",
        "revenueEstimateGrowth": "0.085",
        "epsTrendCurrent": "1.3",
        "epsTrend7daysAgo": "1.3",
        "epsTrend30daysAgo": "1.33",
        "epsTrend60daysAgo": "1.33",
        "epsTrend90daysAgo": "1.34",
        "epsRevisionsUpLast7days": "0",
        "epsRevisionsUpLast30days": "0",
        "epsRevisionsDownLast30days": "1"
      },
      "2017-09-30": {
        "date": "2017-09-30",
        "period": "0q",
        "growth": "0.148",
        "earningsEstimateAvg": "0.31",
        "earningsEstimateLow": "0.27",
        "earningsEstimateHigh": "0.34",
        "earningsEstimateYearAgoEps": "0.27",
        "earningsEstimateNumberOfAnalysts": "4",
        "earningsEstimateGrowth": "0.148",
        "revenueEstimateAvg": "8419660000",
        "revenueEstimateLow": "8190000000",
        "revenueEstimateHigh": "8592640000",
        "revenueEstimateNumberOfAnalysts": "4",
        "revenueEstimateGrowth": "0.02",
        "epsTrendCurrent": "0.31",
        "epsTrend7daysAgo": "0.31",
        "epsTrend30daysAgo": "0.31",
        "epsTrend60daysAgo": "0.31",
        "epsTrend90daysAgo": "0.31",
        "epsRevisionsUpLast7days": "0",
        "epsRevisionsUpLast30days": "1",
        "epsRevisionsDownLast30days": "0"
      },
      "2017-06-30": {
        "date": "2017-06-30",
        "period": "0q",
        "growth": "0.579",
        "earningsEstimateAvg": "0.3",
        "earningsEstimateLow": "0.27",
        "earningsEstimateHigh": "0.33",
        "earningsEstimateYearAgoEps": "0.19",
        "earningsEstimateNumberOfAnalysts": "4",
        "earningsEstimateGrowth": "0.579",
        "revenueEstimateAvg": "8462150000",
        "revenueEstimateLow": "8130000000",
        "revenueEstimateHigh": "8656580000",
        "revenueEstimateNumberOfAnalysts": "4",
        "revenueEstimateGrowth": "-0.025",
        "epsTrendCurrent": "0.3",
        "epsTrend7daysAgo": "0.3",
        "epsTrend30daysAgo": "0.31",
        "epsTrend60daysAgo": "0.31",
        "epsTrend90daysAgo": "0.3",
        "epsRevisionsUpLast7days": "0",
        "epsRevisionsUpLast30days": "0",
        "epsRevisionsDownLast30days": "1"
      },
      "2020-12-31": {
        "date": "2020-12-31",
        "period": "+1y",
        "growth": "0.107",
        "earningsEstimateAvg": "1.14",
        "earningsEstimateLow": "1.07",
        "earningsEstimateHigh": "1.25",
        "earningsEstimateYearAgoEps": "1.03",
        "earningsEstimateNumberOfAnalysts": "3",
        "earningsEstimateGrowth": "0.107",
        "revenueEstimateAvg": "29638500000",
        "revenueEstimateLow": "29183000000",
        "revenueEstimateHigh": "30611000000",
        "revenueEstimateNumberOfAnalysts": "5",
        "revenueEstimateGrowth": "0.037",
        "epsTrendCurrent": "1.14",
        "epsTrend7daysAgo": "1.14",
        "epsTrend30daysAgo": "1.12",
        "epsTrend60daysAgo": "1.12",
        "epsTrend90daysAgo": "1.16",
        "epsRevisionsUpLast7days": "1",
        "epsRevisionsUpLast30days": "1",
        "epsRevisionsDownLast30days": "0"
      },
      "2019-12-31": {
        "date": "2019-12-31",
        "period": "0y",
        "growth": "-0.226",
        "earningsEstimateAvg": "1.03",
        "earningsEstimateLow": "0.83",
        "earningsEstimateHigh": "1.28",
        "earningsEstimateYearAgoEps": "1.33",
        "earningsEstimateNumberOfAnalysts": "3",
        "earningsEstimateGrowth": "-0.226",
        "revenueEstimateAvg": "28583200000",
        "revenueEstimateLow": "28440000000",
        "revenueEstimateHigh": "28769400000",
        "revenueEstimateNumberOfAnalysts": "4",
        "revenueEstimateGrowth": "0.033",
        "epsTrendCurrent": "1.03",
        "epsTrend7daysAgo": "1.03",
        "epsTrend30daysAgo": "0.98",
        "epsTrend60daysAgo": "0.98",
        "epsTrend90daysAgo": "1.06",
        "epsRevisionsUpLast7days": "0",
        "epsRevisionsUpLast30days": "0",
        "epsRevisionsDownLast30days": "1"
      },
      "2019-09-30": {
        "date": "2019-09-30",
        "period": "0q",
        "growth": "-0.265",
        "earningsEstimateAvg": "0.25",
        "earningsEstimateLow": "0.22",
        "earningsEstimateHigh": "0.3",
        "earningsEstimateYearAgoEps": "0.34",
        "earningsEstimateNumberOfAnalysts": "3",
        "earningsEstimateGrowth": "-0.265",
        "revenueEstimateAvg": "7085580000",
        "revenueEstimateLow": "6890000000",
        "revenueEstimateHigh": "7199740000",
        "revenueEstimateNumberOfAnalysts": "3",
        "revenueEstimateGrowth": "-0.235",
        "epsTrendCurrent": "0.25",
        "epsTrend7daysAgo": "0.25",
        "epsTrend30daysAgo": "0.27",
        "epsTrend60daysAgo": "0.27",
        "epsTrend90daysAgo": "0.29",
        "epsRevisionsUpLast7days": "0",
        "epsRevisionsUpLast30days": "0",
        "epsRevisionsDownLast30days": "0"
      }
    },
    "Annual": {
      "2016-12-31": {
        "date": "2016-12-31",
        "epsActual": "0.79"
      },
      "2019-06-30": {
        "date": "2019-06-30",
        "epsActual": "0"
      },
      "2018-12-31": {
        "date": "2018-12-31",
        "epsActual": "1.03"
      },
      "2017-12-31": {
        "date": "2017-12-31",
        "epsActual": "1.25"
      }
    }
  },
  "Financials": {
    "Balance_Sheet": {
      "currency_symbol": "USD",
      "quarterly": {
        "2014-09-30": {
          "date": "2014-09-30",
          "intangibleAssets": "12969000000",
          "totalLiab": "28124000000",
          "totalStockholderEquity": "17177000000",
          "otherCurrentLiab": "11101000000",
          "totalAssets": "45778000000",
          "commonStock": "2500000000",
          "otherCurrentAssets": "1849000000",
          "retainedEarnings": "16220000000",
          "otherLiab": "3080000000",
          "goodWill": "10147000000",
          "otherAssets": "14312000000",
          "cash": "4633000000",
          "totalCurrentLiabilities": "16383000000",
          "propertyPlantEquipment": "5652000000",
          "shortTermInvestments": "1583000000",
          "longTermDebt": "7408000000",
          "inventory": "5961000000",
          "accountsPayable": "4820000000",
          "treasuryStock": "838000000"
        },
        "2012-09-30": {
          "date": "2012-09-30",
          "intangibleAssets": "14214000000",
          "totalLiab": "29808000000",
          "totalStockholderEquity": "16610000000",
          "otherCurrentLiab": "11062000000",
          "totalAssets": "46943000000",
          "commonStock": "1673000000",
          "otherCurrentAssets": "1904000000",
          "retainedEarnings": "15307000000",
          "otherLiab": "3129000000",
          "goodWill": "10600000000",
          "otherAssets": "15671000000",
          "cash": "4683000000",
          "totalCurrentLiabilities": "17782000000",
          "propertyPlantEquipment": "5658000000",
          "shortTermInvestments": "742000000",
          "longTermDebt": "7055000000",
          "inventory": "6659000000",
          "accountsPayable": "4697000000",
          "treasuryStock": "370000000"
        },
        "2012-03-31": {
          "date": "2012-03-31",
          "intangibleAssets": "9671000000",
          "totalLiab": "25484000000",
          "totalStockholderEquity": "16945000000",
          "otherCurrentLiab": "10992000000",
          "totalAssets": "43008000000",
          "commonStock": "1631000000",
          "otherCurrentAssets": "1659000000",
          "retainedEarnings": "15687000000",
          "otherLiab": "2992000000",
          "goodWill": "7424000000",
          "otherAssets": "11127000000",
          "cash": "5751000000",
          "totalCurrentLiabilities": "16542000000",
          "propertyPlantEquipment": "5121000000",
          "shortTermInvestments": "1837000000",
          "longTermDebt": "5364000000",
          "inventory": "6356000000",
          "accountsPayable": "4738000000",
          "treasuryStock": "373000000"
        },
        "2009-12-31": {
          "date": "2009-12-31",
          "intangibleAssets": "3469000000",
          "totalLiab": "20255000000",
          "totalStockholderEquity": "13790000000",
          "otherCurrentLiab": "10128000000",
          "totalAssets": "34728000000",
          "commonStock": "3328000000",
          "otherCurrentAssets": "1676000000",
          "retainedEarnings": "10744000000",
          "otherLiab": "3176000000",
          "goodWill": "3026000000",
          "otherAssets": "5427000000",
          "cash": "7119000000",
          "totalCurrentLiabilities": "14579000000",
          "propertyPlantEquipment": "4072000000",
          "shortTermInvestments": "2433000000",
          "longTermDebt": "2172000000",
          "inventory": "4550000000",
          "accountsPayable": "3853000000",
          "treasuryStock": "897000000"
        },
        "2009-09-30": {
          "date": "2009-09-30",
          "intangibleAssets": "3496000000",
          "totalLiab": "20498000000",
          "totalStockholderEquity": "13330000000",
          "otherCurrentLiab": "10622000000",
          "totalAssets": "34426000000",
          "commonStock": "3893000000",
          "otherCurrentAssets": "1742000000",
          "retainedEarnings": "10334000000",
          "otherLiab": "3087000000",
          "goodWill": "3035000000",
          "otherAssets": "5509000000",
          "cash": "5502000000",
          "totalCurrentLiabilities": "14775000000",
          "propertyPlantEquipment": "3967000000",
          "shortTermInvestments": "2779000000",
          "longTermDebt": "2219000000",
          "inventory": "5347000000",
          "accountsPayable": "3935000000",
          "treasuryStock": "897000000"
        },
        "2019-06-30": {
          "date": "2019-06-30",
          "intangibleAssets": "2428000000",
          "totalLiab": "32081000000",
          "totalStockholderEquity": "12900000000",
          "otherCurrentLiab": "12365000000",
          "totalAssets": "45464000000",
          "commonStock": "188000000",
          "otherCurrentAssets": "9711000000",
          "retainedEarnings": "18800000000",
          "otherLiab": "4223000000",
          "goodWill": "10873000000",
          "otherAssets": "1608000000",
          "cash": "2512000000",
          "totalCurrentLiabilities": "19177000000",
          "shortLongTermDebt": "315000000",
          "otherStockholderEquity": "-5349000000",
          "propertyPlantEquipment": "5054000000",
          "totalCurrentAssets": "25321000000",
          "longTermInvestments": "180000000",
          "netTangibleAssets": "-401000000",
          "shortTermInvestments": "716000000",
          "netReceivables": "7676000000",
          "longTermDebt": "7799000000",
          "inventory": "4456000000",
          "accountsPayable": "4107000000"
        },
        "2018-06-30": {
          "date": "2018-06-30",
          "intangibleAssets": "2959000000",
          "totalLiab": "31012000000",
          "totalStockholderEquity": "13626000000",
          "otherCurrentLiab": "9666000000",
          "totalAssets": "45191000000",
          "commonStock": "188000000",
          "otherCurrentAssets": "730000000",
          "retainedEarnings": "18919000000",
          "otherLiab": "4959000000",
          "goodWill": "12402000000",
          "otherAssets": "1675000000",
          "cash": "3283000000",
          "totalCurrentLiabilities": "19385000000",
          "shortLongTermDebt": "1819000000",
          "otherStockholderEquity": "-4683000000",
          "propertyPlantEquipment": "5621000000",
          "totalCurrentAssets": "22343000000",
          "longTermInvestments": "191000000",
          "netTangibleAssets": "-1735000000",
          "shortTermInvestments": "794000000",
          "netReceivables": "11282000000",
          "longTermDebt": "6489000000",
          "inventory": "5934000000",
          "accountsPayable": "5933000000",
          "treasuryStock": "824000000"
        },
        "2017-09-30": {
          "date": "2017-09-30",
          "intangibleAssets": "13829000000",
          "totalLiab": "27654000000",
          "totalStockholderEquity": "14244000000",
          "otherCurrentLiab": "9893000000",
          "totalAssets": "42407000000",
          "commonStock": "188000000",
          "otherCurrentAssets": "904000000",
          "retainedEarnings": "14783000000",
          "otherLiab": "3721000000",
          "goodWill": "11180000000",
          "otherAssets": "15632000000",
          "cash": "3649000000",
          "totalCurrentLiabilities": "15805000000",
          "shortLongTermDebt": "327000000",
          "otherStockholderEquity": "-4418000000",
          "propertyPlantEquipment": "5180000000",
          "totalCurrentAssets": "21595000000",
          "longTermInvestments": "224000000",
          "netTangibleAssets": "415000000",
          "shortTermInvestments": "998000000",
          "netReceivables": "10738000000",
          "longTermDebt": "7061000000",
          "inventory": "5306000000",
          "accountsPayable": "5081000000",
          "treasuryStock": "738000000"
        },
        "2005-06-30": {
          "date": "2005-06-30",
          "intangibleAssets": "2903000000",
          "totalLiab": "19701000000",
          "totalStockholderEquity": "3046000000",
          "otherCurrentLiab": "7450000000",
          "totalAssets": "23034000000",
          "commonStock": "3083000000",
          "otherCurrentAssets": "1477000000",
          "retainedEarnings": "101000000",
          "otherLiab": "2439000000",
          "goodWill": "2495000000",
          "otherAssets": "5871000000",
          "totalCurrentLiabilities": "11902000000",
          "propertyPlantEquipment": "2648000000",
          "longTermDebt": "4468000000",
          "inventory": "3148000000",
          "accountsPayable": "4008000000",
          "treasuryStock": "138000000"
        },
        "2002-12-31": {
          "date": "2002-12-31",
          "intangibleAssets": "2600000000",
          "totalLiab": "28262000000",
          "totalStockholderEquity": "1013000000",
          "otherCurrentLiab": "12454000000",
          "totalAssets": "29533000000",
          "commonStock": "2169000000",
          "otherCurrentAssets": "5790000000",
          "retainedEarnings": "736000000",
          "otherLiab": "3306000000",
          "goodWill": "2321000000",
          "otherAssets": "6786000000",
          "cash": "2478000000",
          "totalCurrentLiabilities": "18414000000",
          "propertyPlantEquipment": "2792000000",
          "shortTermInvestments": "2135000000",
          "longTermDebt": "5376000000",
          "inventory": "2377000000",
          "accountsPayable": "2961000000",
          "treasuryStock": "1750000000"
        },
        "2000-03-31": {
          "date": "2000-03-31",
          "totalLiab": "23524000000",
          "totalStockholderEquity": "5360000000",
          "totalAssets": "29183000000",
          "totalCurrentLiabilities": "15912000000"
        },
        "2010-12-31": {
          "date": "2010-12-31",
          "intangibleAssets": "4786000000",
          "totalLiab": "20837000000",
          "totalStockholderEquity": "14885000000",
          "otherCurrentLiab": "10710000000",
          "totalAssets": "36295000000",
          "commonStock": "2537000000",
          "otherCurrentAssets": "1890000000",
          "retainedEarnings": "13872000000",
          "otherLiab": "2549000000",
          "goodWill": "4085000000",
          "otherAssets": "6591000000",
          "cash": "5897000000",
          "totalCurrentLiabilities": "16738000000",
          "propertyPlantEquipment": "4356000000",
          "shortTermInvestments": "2713000000",
          "longTermDebt": "1139000000",
          "inventory": "4878000000",
          "accountsPayable": "4555000000",
          "treasuryStock": "441000000"
        },
        "2010-03-31": {
          "date": "2010-03-31",
          "intangibleAssets": "3416000000",
          "totalLiab": "19630000000",
          "totalStockholderEquity": "13999000000",
          "otherCurrentLiab": "10164000000",
          "totalAssets": "34328000000",
          "commonStock": "3951000000",
          "otherCurrentAssets": "1708000000",
          "retainedEarnings": "10933000000",
          "otherLiab": "3125000000",
          "goodWill": "3002000000",
          "otherAssets": "5351000000",
          "cash": "7408000000",
          "totalCurrentLiabilities": "14141000000",
          "propertyPlantEquipment": "3956000000",
          "shortTermInvestments": "2005000000",
          "longTermDebt": "2061000000",
          "inventory": "4689000000",
          "accountsPayable": "3772000000",
          "treasuryStock": "885000000"
        },
        "2008-09-30": {
          "date": "2008-09-30",
          "intangibleAssets": "3202000000",
          "totalLiab": "20246000000",
          "totalStockholderEquity": "11724000000",
          "otherCurrentLiab": "10557000000",
          "totalAssets": "32523000000",
          "commonStock": "4678000000",
          "otherCurrentAssets": "1600000000",
          "retainedEarnings": "7947000000",
          "otherLiab": "2362000000",
          "goodWill": "2768000000",
          "otherAssets": "4967000000",
          "cash": "5347000000",
          "totalCurrentLiabilities": "15378000000",
          "propertyPlantEquipment": "3485000000",
          "shortTermInvestments": "1842000000",
          "longTermDebt": "1989000000",
          "inventory": "5754000000",
          "accountsPayable": "4447000000",
          "treasuryStock": "901000000"
        },
        "2002-06-30": {
          "date": "2002-06-30",
          "intangibleAssets": "2811000000",
          "totalLiab": "31129000000",
          "totalStockholderEquity": "2224000000",
          "otherCurrentLiab": "10605000000",
          "totalAssets": "33571000000",
          "commonStock": "2011000000",
          "otherCurrentAssets": "2528000000",
          "retainedEarnings": "1947000000",
          "otherLiab": "4854000000",
          "goodWill": "2811000000",
          "otherAssets": "10507000000",
          "totalCurrentLiabilities": "18983000000",
          "propertyPlantEquipment": "3097000000",
          "longTermDebt": "5861000000",
          "inventory": "3509000000",
          "accountsPayable": "4396000000",
          "treasuryStock": "1750000000"
        },
        "2000-06-30": {
          "date": "2000-06-30",
          "totalLiab": "22887000000",
          "totalStockholderEquity": "5666000000",
          "totalAssets": "28827000000",
          "totalCurrentLiabilities": "14747000000"
        },
        "2018-12-31": {
          "date": "2018-12-31",
          "intangibleAssets": "2607000000",
          "totalLiab": "29907000000",
          "totalStockholderEquity": "13952000000",
          "otherCurrentLiab": "9091000000",
          "totalAssets": "44441000000",
          "commonStock": "188000000",
          "otherCurrentAssets": "5780000000",
          "retainedEarnings": "19839000000",
          "otherLiab": "4872000000",
          "goodWill": "10764000000",
          "otherAssets": "4950000000",
          "cash": "3445000000",
          "totalCurrentLiabilities": "18447000000",
          "shortLongTermDebt": "1449000000",
          "otherStockholderEquity": "-5311000000",
          "propertyPlantEquipment": "4133000000",
          "totalCurrentAssets": "21865000000",
          "longTermInvestments": "122000000",
          "netTangibleAssets": "581000000",
          "shortTermInvestments": "712000000",
          "netReceivables": "7468000000",
          "longTermDebt": "6458000000",
          "inventory": "4284000000",
          "accountsPayable": "4424000000"
        },
        "2018-09-30": {
          "date": "2018-09-30",
          "intangibleAssets": "2894000000",
          "totalLiab": "30003000000",
          "totalStockholderEquity": "14103000000",
          "otherCurrentLiab": "9850000000",
          "totalAssets": "44652000000",
          "commonStock": "188000000",
          "otherCurrentAssets": "720000000",
          "retainedEarnings": "19522000000",
          "otherLiab": "4809000000",
          "goodWill": "12426000000",
          "otherAssets": "1610000000",
          "cash": "2604000000",
          "totalCurrentLiabilities": "18558000000",
          "shortLongTermDebt": "1819000000",
          "otherStockholderEquity": "-4826000000",
          "propertyPlantEquipment": "5580000000",
          "totalCurrentAssets": "21955000000",
          "longTermInvestments": "187000000",
          "netTangibleAssets": "-1217000000",
          "shortTermInvestments": "953000000",
          "netReceivables": "11285000000",
          "longTermDebt": "6477000000",
          "inventory": "6077000000",
          "accountsPayable": "5825000000",
          "treasuryStock": "824000000"
        },
        "2016-12-31": {
          "date": "2016-12-31",
          "intangibleAssets": "11497000000",
          "totalLiab": "25602000000",
          "totalStockholderEquity": "13395000000",
          "deferredLongTermLiab": "918000000",
          "otherCurrentLiab": "9732000000",
          "totalAssets": "39499000000",
          "commonStock": "192000000",
          "otherCurrentAssets": "2300000000",
          "retainedEarnings": "14738000000",
          "otherLiab": "3438000000",
          "goodWill": "9501000000",
          "otherAssets": "12816000000",
          "cash": "3644000000",
          "totalCurrentLiabilities": "15407000000",
          "shortLongTermDebt": "845000000",
          "otherStockholderEquity": "-5187000000",
          "propertyPlantEquipment": "4743000000",
          "totalCurrentAssets": "21052000000",
          "longTermInvestments": "291000000",
          "netTangibleAssets": "1942000000",
          "shortTermInvestments": "1953000000",
          "netReceivables": "9696000000",
          "longTermDebt": "5800000000",
          "inventory": "4347000000",
          "accountsPayable": "4446000000",
          "treasuryStock": "1559000000"
        },
        "2004-09-30": {
          "date": "2004-09-30",
          "intangibleAssets": "2310000000",
          "totalLiab": "20446000000",
          "totalStockholderEquity": "3121000000",
          "otherCurrentLiab": "7600000000",
          "totalAssets": "23809000000",
          "commonStock": "4150000000",
          "otherCurrentAssets": "3502000000",
          "retainedEarnings": "192000000",
          "otherLiab": "3692000000",
          "goodWill": "2310000000",
          "otherAssets": "5608000000",
          "totalCurrentLiabilities": "11291000000",
          "propertyPlantEquipment": "2712000000",
          "longTermDebt": "4562000000",
          "inventory": "2965000000",
          "accountsPayable": "3075000000",
          "treasuryStock": "138000000"
        },
        "2004-06-30": {
          "date": "2004-06-30",
          "intangibleAssets": "2306000000",
          "totalLiab": "21500000000",
          "totalStockholderEquity": "3028000000",
          "otherCurrentLiab": "7858000000",
          "totalAssets": "24765000000",
          "commonStock": "4134000000",
          "otherCurrentAssets": "4678000000",
          "retainedEarnings": "99000000",
          "otherLiab": "3623000000",
          "goodWill": "2306000000",
          "otherAssets": "5816000000",
          "totalCurrentLiabilities": "11743000000",
          "propertyPlantEquipment": "2695000000",
          "longTermDebt": "5176000000",
          "inventory": "2824000000",
          "accountsPayable": "2946000000",
          "treasuryStock": "138000000"
        },
        "2003-06-30": {
          "date": "2003-06-30",
          "intangibleAssets": "2351000000",
          "totalLiab": "27297000000",
          "totalStockholderEquity": "1277000000",
          "otherCurrentLiab": "11593000000",
          "totalAssets": "28788000000",
          "commonStock": "2219000000",
          "otherCurrentAssets": "5849000000",
          "retainedEarnings": "844000000",
          "otherLiab": "3351000000",
          "goodWill": "2351000000",
          "otherAssets": "6270000000",
          "totalCurrentLiabilities": "18158000000",
          "propertyPlantEquipment": "2801000000",
          "longTermDebt": "4708000000",
          "inventory": "2626000000",
          "accountsPayable": "2969000000",
          "treasuryStock": "138000000"
        },
        "2013-06-30": {
          "date": "2013-06-30",
          "intangibleAssets": "13278000000",
          "totalLiab": "28761000000",
          "totalStockholderEquity": "16293000000",
          "otherCurrentLiab": "10822000000",
          "totalAssets": "45513000000",
          "commonStock": "1717000000",
          "otherCurrentAssets": "1763000000",
          "retainedEarnings": "14893000000",
          "otherLiab": "3842000000",
          "goodWill": "10028000000",
          "otherAssets": "14662000000",
          "cash": "4148000000",
          "totalCurrentLiabilities": "16363000000",
          "propertyPlantEquipment": "5782000000",
          "shortTermInvestments": "543000000",
          "longTermDebt": "7417000000",
          "inventory": "6347000000",
          "accountsPayable": "4829000000",
          "treasuryStock": "317000000"
        },
        "2007-06-30": {
          "date": "2007-06-30",
          "intangibleAssets": "2657000000",
          "totalLiab": "18840000000",
          "totalStockholderEquity": "7637000000",
          "otherCurrentLiab": "8905000000",
          "totalAssets": "26908000000",
          "commonStock": "5343000000",
          "otherCurrentAssets": "2461000000",
          "retainedEarnings": "2596000000",
          "otherLiab": "2554000000",
          "goodWill": "2401000000",
          "otherAssets": "4277000000",
          "cash": "4428000000",
          "totalCurrentLiabilities": "13472000000",
          "propertyPlantEquipment": "2909000000",
          "shortTermInvestments": "613000000",
          "longTermDebt": "2279000000",
          "inventory": "4581000000",
          "accountsPayable": "4180000000",
          "treasuryStock": "302000000"
        },
        "2006-09-30": {
          "date": "2006-09-30",
          "intangibleAssets": "2849000000",
          "totalLiab": "18079000000",
          "totalStockholderEquity": "5720000000",
          "otherCurrentLiab": "7757000000",
          "totalAssets": "24177000000",
          "commonStock": "4453000000",
          "otherCurrentAssets": "1050000000",
          "retainedEarnings": "1371000000",
          "otherLiab": "2571000000",
          "goodWill": "2535000000",
          "otherAssets": "5469000000",
          "totalCurrentLiabilities": "11617000000",
          "propertyPlantEquipment": "2652000000",
          "longTermDebt": "3087000000",
          "inventory": "4054000000",
          "accountsPayable": "3763000000",
          "treasuryStock": "104000000"
        },
        "2011-12-31": {
          "date": "2011-12-31",
          "intangibleAssets": "9522000000",
          "totalLiab": "23312000000",
          "totalStockholderEquity": "15777000000",
          "otherCurrentLiab": "10630000000",
          "totalAssets": "39648000000",
          "commonStock": "2544000000",
          "otherCurrentAssets": "1510000000",
          "retainedEarnings": "14580000000",
          "otherLiab": "2983000000",
          "goodWill": "7269000000",
          "otherAssets": "10939000000",
          "cash": "4819000000",
          "totalCurrentLiabilities": "16561000000",
          "propertyPlantEquipment": "4922000000",
          "shortTermInvestments": "948000000",
          "longTermDebt": "3231000000",
          "inventory": "5737000000",
          "accountsPayable": "4789000000",
          "treasuryStock": "424000000"
        },
        "2011-06-30": {
          "date": "2011-06-30",
          "intangibleAssets": "8890000000",
          "totalLiab": "23354000000",
          "totalStockholderEquity": "15981000000",
          "otherCurrentLiab": "11435000000",
          "totalAssets": "39869000000",
          "commonStock": "1614000000",
          "otherCurrentAssets": "2012000000",
          "retainedEarnings": "14795000000",
          "otherLiab": "2502000000",
          "goodWill": "6888000000",
          "otherAssets": "10315000000",
          "cash": "4552000000",
          "totalCurrentLiabilities": "17813000000",
          "propertyPlantEquipment": "5019000000",
          "shortTermInvestments": "359000000",
          "longTermDebt": "2471000000",
          "inventory": "6628000000",
          "accountsPayable": "5187000000",
          "treasuryStock": "428000000"
        },
        "2001-09-30": {
          "date": "2001-09-30",
          "totalLiab": "30498000000",
          "totalStockholderEquity": "2912000000",
          "otherCurrentLiab": "9403000000",
          "totalAssets": "33709000000",
          "otherCurrentAssets": "2668000000",
          "otherLiab": "4307000000",
          "otherAssets": "10283000000",
          "totalCurrentLiabilities": "19967000000",
          "propertyPlantEquipment": "3108000000",
          "longTermDebt": "4867000000",
          "inventory": "3644000000",
          "accountsPayable": "3775000000"
        },
        "2007-09-30": {
          "date": "2007-09-30",
          "intangibleAssets": "2668000000",
          "totalLiab": "19686000000",
          "totalStockholderEquity": "8843000000",
          "otherCurrentLiab": "9595000000",
          "totalAssets": "29021000000",
          "commonStock": "5523000000",
          "otherCurrentAssets": "2640000000",
          "retainedEarnings": "3622000000",
          "otherLiab": "2561000000",
          "goodWill": "2413000000",
          "otherAssets": "4187000000",
          "cash": "4653000000",
          "totalCurrentLiabilities": "14557000000",
          "propertyPlantEquipment": "3061000000",
          "shortTermInvestments": "1289000000",
          "longTermDebt": "2171000000",
          "inventory": "4988000000",
          "accountsPayable": "4519000000",
          "treasuryStock": "302000000"
        },
        "2005-03-31": {
          "date": "2005-03-31",
          "intangibleAssets": "3002000000",
          "totalLiab": "20254000000",
          "totalStockholderEquity": "2994000000",
          "otherCurrentLiab": "7536000000",
          "totalAssets": "23553000000",
          "commonStock": "3083000000",
          "otherCurrentAssets": "1471000000",
          "retainedEarnings": "49000000",
          "otherLiab": "2545000000",
          "goodWill": "2553000000",
          "otherAssets": "6129000000",
          "totalCurrentLiabilities": "12075000000",
          "propertyPlantEquipment": "2824000000",
          "longTermDebt": "4688000000",
          "inventory": "3169000000",
          "accountsPayable": "4066000000",
          "treasuryStock": "138000000"
        },
        "2003-03-31": {
          "date": "2003-03-31",
          "intangibleAssets": "2343000000",
          "totalLiab": "26956000000",
          "totalStockholderEquity": "1078000000",
          "otherCurrentLiab": "11393000000",
          "totalAssets": "28272000000",
          "commonStock": "2216000000",
          "otherCurrentAssets": "5255000000",
          "retainedEarnings": "645000000",
          "otherLiab": "3335000000",
          "goodWill": "2343000000",
          "otherAssets": "6714000000",
          "totalCurrentLiabilities": "17586000000",
          "propertyPlantEquipment": "2779000000",
          "longTermDebt": "4870000000",
          "inventory": "2594000000",
          "accountsPayable": "2907000000",
          "treasuryStock": "138000000"
        },
        "2014-03-31": {
          "date": "2014-03-31",
          "intangibleAssets": "13720000000",
          "totalLiab": "29087000000",
          "totalStockholderEquity": "19173000000",
          "otherCurrentLiab": "10686000000",
          "totalAssets": "48793000000",
          "commonStock": "2708000000",
          "otherCurrentAssets": "1827000000",
          "retainedEarnings": "17648000000",
          "otherLiab": "3228000000",
          "goodWill": "10600000000",
          "otherAssets": "15112000000",
          "cash": "6402000000",
          "totalCurrentLiabilities": "16993000000",
          "propertyPlantEquipment": "6171000000",
          "shortTermInvestments": "865000000",
          "longTermDebt": "7612000000",
          "inventory": "6201000000",
          "accountsPayable": "4872000000",
          "treasuryStock": "236000000"
        },
        "2002-09-30": {
          "date": "2002-09-30",
          "intangibleAssets": "2813000000",
          "totalLiab": "29858000000",
          "totalStockholderEquity": "1799000000",
          "otherCurrentLiab": "11124000000",
          "totalAssets": "31927000000",
          "commonStock": "2033000000",
          "otherCurrentAssets": "5865000000",
          "retainedEarnings": "1522000000",
          "otherLiab": "4195000000",
          "goodWill": "2813000000",
          "otherAssets": "7915000000",
          "totalCurrentLiabilities": "18927000000",
          "propertyPlantEquipment": "2803000000",
          "longTermDebt": "5696000000",
          "inventory": "3399000000",
          "accountsPayable": "4145000000",
          "treasuryStock": "1750000000"
        },
        "2007-03-31": {
          "date": "2007-03-31",
          "intangibleAssets": "2660000000",
          "totalLiab": "18536000000",
          "totalStockholderEquity": "7231000000",
          "otherCurrentLiab": "8742000000",
          "totalAssets": "26251000000",
          "commonStock": "5172000000",
          "otherCurrentAssets": "2398000000",
          "retainedEarnings": "2162000000",
          "otherLiab": "2697000000",
          "goodWill": "2388000000",
          "otherAssets": "4798000000",
          "cash": "4366000000",
          "totalCurrentLiabilities": "12977000000",
          "propertyPlantEquipment": "2818000000",
          "shortTermInvestments": "685000000",
          "longTermDebt": "2371000000",
          "inventory": "4339000000",
          "accountsPayable": "3894000000",
          "treasuryStock": "103000000"
        },
        "2005-12-31": {
          "date": "2005-12-31",
          "intangibleAssets": "2828000000",
          "totalLiab": "18452000000",
          "totalStockholderEquity": "3483000000",
          "otherCurrentLiab": "7747000000",
          "totalAssets": "22276000000",
          "commonStock": "3949096000",
          "otherCurrentAssets": "764000000",
          "retainedEarnings": "498000000",
          "otherLiab": "2221000000",
          "goodWill": "2479000000",
          "otherAssets": "5563000000",
          "cash": "3226000000",
          "totalCurrentLiabilities": "11606000000",
          "propertyPlantEquipment": "2565000000",
          "shortTermInvestments": "368000000",
          "longTermDebt": "3933000000",
          "inventory": "3074000000",
          "accountsPayable": "3321000000",
          "treasuryStock": "136000000"
        },
        "2001-12-31": {
          "date": "2001-12-31",
          "totalLiab": "30115000000",
          "totalStockholderEquity": "2014000000",
          "otherCurrentLiab": "9791000000",
          "totalAssets": "32344000000",
          "commonStock": "1807000000",
          "otherCurrentAssets": "2358000000",
          "retainedEarnings": "1736000000",
          "otherLiab": "4677000000",
          "otherAssets": "9827000000",
          "cash": "2767000000",
          "totalCurrentLiabilities": "19035000000",
          "propertyPlantEquipment": "3003000000",
          "shortTermInvestments": "2946000000",
          "longTermDebt": "5043000000",
          "inventory": "3075000000",
          "accountsPayable": "3991000000",
          "treasuryStock": "1750000000"
        },
        "2001-03-31": {
          "date": "2001-03-31",
          "totalLiab": "28189000000",
          "totalStockholderEquity": "3903000000",
          "otherCurrentLiab": "9453000000",
          "totalAssets": "32384000000",
          "otherCurrentAssets": "2674000000",
          "otherLiab": "4431000000",
          "otherAssets": "9183000000",
          "totalCurrentLiabilities": "18409000000",
          "propertyPlantEquipment": "3045000000",
          "longTermDebt": "3985000000",
          "inventory": "3485000000",
          "accountsPayable": "3456000000"
        },
        "2015-06-30": {
          "date": "2015-06-30",
          "intangibleAssets": "12389000000",
          "totalLiab": "27687000000",
          "totalStockholderEquity": "14541000000",
          "otherCurrentLiab": "10145000000",
          "totalAssets": "42693000000",
          "commonStock": "2546000000",
          "otherCurrentAssets": "1884000000",
          "retainedEarnings": "15134000000",
          "otherLiab": "3868000000",
          "goodWill": "9870000000",
          "otherAssets": "13766000000",
          "cash": "3954000000",
          "totalCurrentLiabilities": "16051000000",
          "propertyPlantEquipment": "5327000000",
          "shortTermInvestments": "1233000000",
          "longTermDebt": "6646000000",
          "inventory": "5458000000",
          "accountsPayable": "4564000000",
          "treasuryStock": "2034000000"
        },
        "2012-12-31": {
          "date": "2012-12-31",
          "intangibleAssets": "13727000000",
          "totalLiab": "31624000000",
          "totalStockholderEquity": "16906000000",
          "otherCurrentLiab": "11076000000",
          "totalAssets": "49070000000",
          "commonStock": "2604000000",
          "otherCurrentAssets": "1764000000",
          "retainedEarnings": "15543000000",
          "otherLiab": "3856000000",
          "goodWill": "10226000000",
          "otherAssets": "15121000000",
          "cash": "6875000000",
          "totalCurrentLiabilities": "18974000000",
          "propertyPlantEquipment": "5947000000",
          "shortTermInvestments": "1606000000",
          "longTermDebt": "7534000000",
          "inventory": "6182000000",
          "accountsPayable": "4992000000",
          "treasuryStock": "328000000"
        },
        "2009-03-31": {
          "date": "2009-03-31",
          "intangibleAssets": "3260000000",
          "totalLiab": "20049000000",
          "totalStockholderEquity": "11348000000",
          "otherCurrentLiab": "10549000000",
          "totalAssets": "32026000000",
          "commonStock": "4858000000",
          "otherCurrentAssets": "1737000000",
          "retainedEarnings": "7390000000",
          "otherLiab": "2898000000",
          "goodWill": "2849000000",
          "otherAssets": "5241000000",
          "cash": "6550000000",
          "totalCurrentLiabilities": "14815000000",
          "propertyPlantEquipment": "3462000000",
          "shortTermInvestments": "577000000",
          "longTermDebt": "1960000000",
          "inventory": "5316000000",
          "accountsPayable": "3917000000",
          "treasuryStock": "900000000"
        },
        "2006-03-31": {
          "date": "2006-03-31",
          "intangibleAssets": "2831000000",
          "totalLiab": "18889000000",
          "totalStockholderEquity": "3834000000",
          "otherCurrentLiab": "8204000000",
          "totalAssets": "23099000000",
          "commonStock": "3137000000",
          "otherCurrentAssets": "1060000000",
          "retainedEarnings": "827000000",
          "otherLiab": "2296000000",
          "goodWill": "2498000000",
          "otherAssets": "5517000000",
          "totalCurrentLiabilities": "11894000000",
          "propertyPlantEquipment": "2585000000",
          "longTermDebt": "3966000000",
          "inventory": "3521000000",
          "accountsPayable": "3522000000",
          "treasuryStock": "130000000"
        },
        "2001-06-30": {
          "date": "2001-06-30",
          "totalLiab": "29227000000",
          "totalStockholderEquity": "3213000000",
          "otherCurrentLiab": "9283000000",
          "totalAssets": "32730000000",
          "otherCurrentAssets": "2578000000",
          "otherLiab": "4255000000",
          "otherAssets": "9742000000",
          "totalCurrentLiabilities": "19255000000",
          "propertyPlantEquipment": "2975000000",
          "longTermDebt": "4416000000",
          "inventory": "3456000000",
          "accountsPayable": "3584000000"
        },
        "2015-12-31": {
          "date": "2015-12-31",
          "intangibleAssets": "12008000000",
          "totalLiab": "26368000000",
          "totalStockholderEquity": "14481000000",
          "deferredLongTermLiab": "965000000",
          "otherCurrentLiab": "9808000000",
          "totalAssets": "41356000000",
          "commonStock": "1440000000",
          "otherCurrentAssets": "1744000000",
          "retainedEarnings": "15618000000",
          "otherLiab": "3574000000",
          "goodWill": "9671000000",
          "otherAssets": "13320000000",
          "cash": "4565000000",
          "totalCurrentLiabilities": "15844000000",
          "shortLongTermDebt": "1149000000",
          "otherStockholderEquity": "-4858000000",
          "propertyPlantEquipment": "5276000000",
          "totalCurrentAssets": "22760000000",
          "longTermInvestments": "322000000",
          "netTangibleAssets": "2517000000",
          "shortTermInvestments": "1633000000",
          "netReceivables": "10061000000",
          "longTermDebt": "5985000000",
          "inventory": "4757000000",
          "accountsPayable": "4342000000",
          "treasuryStock": "2581000000"
        },
        "2015-03-31": {
          "date": "2015-03-31",
          "intangibleAssets": "12371000000",
          "totalLiab": "26853000000",
          "totalStockholderEquity": "15731000000",
          "otherCurrentLiab": "9682000000",
          "totalAssets": "43135000000",
          "commonStock": "2454000000",
          "otherCurrentAssets": "1899000000",
          "retainedEarnings": "15597000000",
          "otherLiab": "3802000000",
          "goodWill": "9789000000",
          "otherAssets": "13838000000",
          "cash": "4471000000",
          "totalCurrentLiabilities": "14661000000",
          "propertyPlantEquipment": "5298000000",
          "shortTermInvestments": "1684000000",
          "longTermDebt": "7203000000",
          "inventory": "5346000000",
          "accountsPayable": "4473000000",
          "treasuryStock": "1658000000"
        },
        "2007-12-31": {
          "date": "2007-12-31",
          "intangibleAssets": "2691000000",
          "totalLiab": "19452000000",
          "totalStockholderEquity": "10957000000",
          "otherCurrentLiab": "9325000000",
          "totalAssets": "31001000000",
          "commonStock": "5111000000",
          "otherCurrentAssets": "1590000000",
          "retainedEarnings": "5625000000",
          "otherLiab": "2428000000",
          "goodWill": "2421000000",
          "otherAssets": "4610000000",
          "cash": "4650000000",
          "totalCurrentLiabilities": "14479000000",
          "propertyPlantEquipment": "3246000000",
          "shortTermInvestments": "3460000000",
          "longTermDebt": "2138000000",
          "inventory": "4863000000",
          "accountsPayable": "4167000000",
          "treasuryStock": "302000000"
        },
        "2010-09-30": {
          "date": "2010-09-30",
          "intangibleAssets": "4861000000",
          "totalLiab": "20760000000",
          "totalStockholderEquity": "14018000000",
          "otherCurrentLiab": "10423000000",
          "totalAssets": "35299000000",
          "commonStock": "1421000000",
          "otherCurrentAssets": "1794000000",
          "retainedEarnings": "12983000000",
          "otherLiab": "3120000000",
          "goodWill": "4124000000",
          "otherAssets": "6876000000",
          "cash": "5269000000",
          "totalCurrentLiabilities": "15070000000",
          "propertyPlantEquipment": "4092000000",
          "shortTermInvestments": "2353000000",
          "longTermDebt": "2080000000",
          "inventory": "5109000000",
          "accountsPayable": "4394000000",
          "treasuryStock": "386000000"
        },
        "2015-09-30": {
          "date": "2015-09-30",
          "intangibleAssets": "12127000000",
          "totalLiab": "26543000000",
          "totalStockholderEquity": "14745000000",
          "otherCurrentLiab": "9641000000",
          "totalAssets": "41768000000",
          "commonStock": "2430000000",
          "otherCurrentAssets": "1859000000",
          "retainedEarnings": "15416000000",
          "otherLiab": "3789000000",
          "goodWill": "9744000000",
          "otherAssets": "13507000000",
          "cash": "3970000000",
          "totalCurrentLiabilities": "15032000000",
          "propertyPlantEquipment": "5194000000",
          "shortTermInvestments": "1264000000",
          "longTermDebt": "6571000000",
          "inventory": "5410000000",
          "accountsPayable": "4405000000",
          "treasuryStock": "2129000000"
        },
        "2012-06-30": {
          "date": "2012-06-30",
          "intangibleAssets": "14187000000",
          "totalLiab": "29430000000",
          "totalStockholderEquity": "15430000000",
          "otherCurrentLiab": "10694000000",
          "totalAssets": "45343000000",
          "commonStock": "1659000000",
          "otherCurrentAssets": "1598000000",
          "retainedEarnings": "14143000000",
          "otherLiab": "3095000000",
          "goodWill": "10498000000",
          "otherAssets": "15582000000",
          "cash": "4773000000",
          "totalCurrentLiabilities": "17661000000",
          "propertyPlantEquipment": "5407000000",
          "shortTermInvestments": "375000000",
          "longTermDebt": "6977000000",
          "inventory": "6363000000",
          "accountsPayable": "4750000000",
          "treasuryStock": "372000000"
        },
        "2011-09-30": {
          "date": "2011-09-30",
          "intangibleAssets": "9494000000",
          "totalLiab": "23901000000",
          "totalStockholderEquity": "15832000000",
          "otherCurrentLiab": "11353000000",
          "totalAssets": "40252000000",
          "commonStock": "1607000000",
          "otherCurrentAssets": "1753000000",
          "retainedEarnings": "14651000000",
          "otherLiab": "2438000000",
          "goodWill": "7270000000",
          "otherAssets": "10825000000",
          "cash": "4996000000",
          "totalCurrentLiabilities": "18363000000",
          "propertyPlantEquipment": "4757000000",
          "shortTermInvestments": "598000000",
          "longTermDebt": "2380000000",
          "inventory": "6492000000",
          "accountsPayable": "4772000000",
          "treasuryStock": "426000000"
        },
        "2013-12-31": {
          "date": "2013-12-31",
          "intangibleAssets": "13967000000",
          "totalLiab": "28856000000",
          "totalStockholderEquity": "18678000000",
          "otherCurrentLiab": "10753000000",
          "totalAssets": "48064000000",
          "commonStock": "2678000000",
          "otherCurrentAssets": "1790000000",
          "retainedEarnings": "17174000000",
          "otherLiab": "3346000000",
          "goodWill": "10670000000",
          "otherAssets": "15385000000",
          "cash": "6021000000",
          "totalCurrentLiabilities": "16675000000",
          "shortLongTermDebt": "8023000000",
          "otherStockholderEquity": "-2012000000",
          "propertyPlantEquipment": "6254000000",
          "totalCurrentAssets": "26425000000",
          "longTermInvestments": "197000000",
          "netTangibleAssets": "4711000000",
          "shortTermInvestments": "464000000",
          "netReceivables": "12146000000",
          "longTermDebt": "7570000000",
          "inventory": "6004000000",
          "accountsPayable": "5112000000",
          "treasuryStock": "246000000"
        },
        "2010-06-30": {
          "date": "2010-06-30",
          "intangibleAssets": "4639000000",
          "totalLiab": "19150000000",
          "totalStockholderEquity": "14050000000",
          "otherCurrentLiab": "9707000000",
          "totalAssets": "33778000000",
          "commonStock": "3967000000",
          "otherCurrentAssets": "1686000000",
          "retainedEarnings": "11069000000",
          "otherLiab": "2981000000",
          "goodWill": "3940000000",
          "otherAssets": "6496000000",
          "cash": "6536000000",
          "totalCurrentLiabilities": "13835000000",
          "propertyPlantEquipment": "3766000000",
          "shortTermInvestments": "1478000000",
          "longTermDebt": "1887000000",
          "inventory": "4551000000",
          "accountsPayable": "3891000000",
          "treasuryStock": "986000000"
        },
        "2006-06-30": {
          "date": "2006-06-30",
          "intangibleAssets": "2877000000",
          "totalLiab": "17823000000",
          "totalStockholderEquity": "5380000000",
          "otherCurrentLiab": "7484000000",
          "totalAssets": "23539000000",
          "commonStock": "4451000000",
          "otherCurrentAssets": "1023000000",
          "retainedEarnings": "1034000000",
          "otherLiab": "2556000000",
          "goodWill": "2542000000",
          "otherAssets": "5517000000",
          "totalCurrentLiabilities": "11400000000",
          "propertyPlantEquipment": "2690000000",
          "longTermDebt": "3091000000",
          "inventory": "3810000000",
          "accountsPayable": "3740000000",
          "treasuryStock": "105000000"
        },
        "2018-03-31": {
          "date": "2018-03-31",
          "intangibleAssets": "13841000000",
          "totalLiab": "29625000000",
          "totalStockholderEquity": "13395000000",
          "otherCurrentLiab": "11595000000",
          "totalAssets": "43569000000",
          "commonStock": "188000000",
          "otherCurrentAssets": "928000000",
          "retainedEarnings": "14061000000",
          "otherLiab": "3885000000",
          "goodWill": "11266000000",
          "otherAssets": "15818000000",
          "cash": "4162000000",
          "totalCurrentLiabilities": "19372000000",
          "shortLongTermDebt": "1918000000",
          "otherStockholderEquity": "-4178000000",
          "propertyPlantEquipment": "5440000000",
          "totalCurrentAssets": "22311000000",
          "longTermInvestments": "190000000",
          "netTangibleAssets": "-446000000",
          "shortTermInvestments": "740000000",
          "netReceivables": "10872000000",
          "longTermDebt": "5285000000",
          "inventory": "5609000000",
          "accountsPayable": "5301000000",
          "treasuryStock": "893000000"
        },
        "2017-06-30": {
          "date": "2017-06-30",
          "intangibleAssets": "11638000000",
          "totalLiab": "26594000000",
          "totalStockholderEquity": "13403000000",
          "otherCurrentLiab": "9405000000",
          "totalAssets": "40478000000",
          "commonStock": "277000000",
          "otherCurrentAssets": "904000000",
          "retainedEarnings": "14885000000",
          "otherLiab": "3635000000",
          "goodWill": "9708000000",
          "otherAssets": "13409000000",
          "cash": "5018000000",
          "totalCurrentLiabilities": "15207000000",
          "shortLongTermDebt": "7827000000",
          "otherStockholderEquity": "-4667000000",
          "propertyPlantEquipment": "4980000000",
          "totalCurrentAssets": "22089000000",
          "longTermInvestments": "222000000",
          "netTangibleAssets": "1765000000",
          "shortTermInvestments": "909000000",
          "netReceivables": "10305000000",
          "longTermDebt": "6909000000",
          "inventory": "4953000000",
          "accountsPayable": "4888000000",
          "treasuryStock": "1701000000"
        },
        "2016-06-30": {
          "date": "2016-06-30",
          "intangibleAssets": "11973000000",
          "totalLiab": "28844000000",
          "totalStockholderEquity": "12719000000",
          "otherCurrentLiab": "11871000000",
          "totalAssets": "42003000000",
          "commonStock": "2032000000",
          "otherCurrentAssets": "1684000000",
          "retainedEarnings": "16332000000",
          "otherLiab": "3493000000",
          "goodWill": "9782000000",
          "otherAssets": "13294000000",
          "cash": "4085000000",
          "totalCurrentLiabilities": "18060000000",
          "shortLongTermDebt": "8008000000",
          "propertyPlantEquipment": "5239000000",
          "totalCurrentAssets": "23470000000",
          "longTermInvestments": "306000000",
          "shortTermInvestments": "2272000000",
          "netReceivables": "10384000000",
          "longTermDebt": "6355000000",
          "inventory": "5045000000",
          "accountsPayable": "4536000000",
          "treasuryStock": "3847000000"
        },
        "2008-12-31": {
          "date": "2008-12-31",
          "intangibleAssets": "3228000000",
          "totalLiab": "21411000000",
          "totalStockholderEquity": "11158000000",
          "otherCurrentLiab": "10617000000",
          "totalAssets": "33181000000",
          "commonStock": "4071000000",
          "otherCurrentAssets": "1990000000",
          "retainedEarnings": "7363000000",
          "otherLiab": "2973000000",
          "goodWill": "2817000000",
          "otherAssets": "5272000000",
          "cash": "6399000000",
          "totalCurrentLiabilities": "16004000000",
          "propertyPlantEquipment": "3562000000",
          "shortTermInvestments": "1407000000",
          "longTermDebt": "2009000000",
          "inventory": "5306000000",
          "accountsPayable": "4451000000",
          "treasuryStock": "900000000"
        },
        "2000-09-30": {
          "date": "2000-09-30",
          "totalLiab": "22581000000",
          "totalStockholderEquity": "5526000000",
          "totalAssets": "28400000000",
          "totalCurrentLiabilities": "14910000000"
        },
        "2017-12-31": {
          "date": "2017-12-31",
          "intangibleAssets": "13821000000",
          "totalLiab": "27913000000",
          "totalStockholderEquity": "14819000000",
          "deferredLongTermLiab": "1099000000",
          "otherCurrentLiab": "9795000000",
          "totalAssets": "43262000000",
          "commonStock": "188000000",
          "otherCurrentAssets": "836000000",
          "retainedEarnings": "15249000000",
          "otherLiab": "3832000000",
          "goodWill": "11199000000",
          "otherAssets": "15960000000",
          "cash": "4526000000",
          "totalCurrentLiabilities": "16273000000",
          "shortLongTermDebt": "379000000",
          "otherStockholderEquity": "-4345000000",
          "propertyPlantEquipment": "5363000000",
          "totalCurrentAssets": "22135000000",
          "longTermInvestments": "113000000",
          "netTangibleAssets": "2858000000",
          "shortTermInvestments": "1102000000",
          "netReceivables": "7002000000",
          "longTermDebt": "6709000000",
          "inventory": "5059000000",
          "accountsPayable": "5419000000",
          "treasuryStock": "647000000"
        },
        "2013-03-31": {
          "date": "2013-03-31",
          "intangibleAssets": "13523000000",
          "totalLiab": "29960000000",
          "totalStockholderEquity": "17194000000",
          "otherCurrentLiab": "11097000000",
          "totalAssets": "47701000000",
          "commonStock": "1688000000",
          "otherCurrentAssets": "1692000000",
          "retainedEarnings": "15826000000",
          "otherLiab": "3765000000",
          "goodWill": "10157000000",
          "otherAssets": "14935000000",
          "cash": "5455000000",
          "totalCurrentLiabilities": "17485000000",
          "propertyPlantEquipment": "5820000000",
          "shortTermInvestments": "1591000000",
          "longTermDebt": "7430000000",
          "inventory": "6267000000",
          "accountsPayable": "4705000000",
          "treasuryStock": "320000000"
        },
        "2009-06-30": {
          "date": "2009-06-30",
          "intangibleAssets": "3368000000",
          "totalLiab": "20578000000",
          "totalStockholderEquity": "12739000000",
          "otherCurrentLiab": "10834000000",
          "totalAssets": "33859000000",
          "commonStock": "4895000000",
          "otherCurrentAssets": "1665000000",
          "retainedEarnings": "8741000000",
          "otherLiab": "2970000000",
          "goodWill": "2944000000",
          "otherAssets": "5388000000",
          "cash": "6822000000",
          "totalCurrentLiabilities": "15162000000",
          "propertyPlantEquipment": "3718000000",
          "shortTermInvestments": "1316000000",
          "longTermDebt": "2063000000",
          "inventory": "5482000000",
          "accountsPayable": "3997000000",
          "treasuryStock": "897000000"
        },
        "2016-09-30": {
          "date": "2016-09-30",
          "intangibleAssets": "11741000000",
          "totalLiab": "26896000000",
          "totalStockholderEquity": "13440000000",
          "otherCurrentLiab": "10317000000",
          "totalAssets": "40809000000",
          "commonStock": "1964000000",
          "otherCurrentAssets": "2365000000",
          "retainedEarnings": "14848000000",
          "otherLiab": "3432000000",
          "goodWill": "9639000000",
          "otherAssets": "13046000000",
          "cash": "3538000000",
          "totalCurrentLiabilities": "16177000000",
          "shortLongTermDebt": "7721000000",
          "propertyPlantEquipment": "4861000000",
          "totalCurrentAssets": "22902000000",
          "longTermInvestments": "297000000",
          "shortTermInvestments": "1827000000",
          "netReceivables": "10155000000",
          "longTermDebt": "6319000000",
          "inventory": "5017000000",
          "accountsPayable": "4458000000",
          "treasuryStock": "1616000000"
        },
        "2016-03-31": {
          "date": "2016-03-31",
          "intangibleAssets": "12105000000",
          "totalLiab": "26447000000",
          "totalStockholderEquity": "14838000000",
          "otherCurrentLiab": "9881000000",
          "totalAssets": "41814000000",
          "commonStock": "2076000000",
          "otherCurrentAssets": "1787000000",
          "retainedEarnings": "16458000000",
          "otherLiab": "3549000000",
          "goodWill": "9823000000",
          "otherAssets": "13384000000",
          "cash": "3966000000",
          "totalCurrentLiabilities": "15770000000",
          "propertyPlantEquipment": "5347000000",
          "shortTermInvestments": "2095000000",
          "longTermDebt": "6126000000",
          "inventory": "5104000000",
          "accountsPayable": "4323000000",
          "treasuryStock": "3074000000"
        },
        "2008-03-31": {
          "date": "2008-03-31",
          "intangibleAssets": "2776000000",
          "totalLiab": "20890000000",
          "totalStockholderEquity": "11993000000",
          "otherCurrentLiab": "10894000000",
          "totalAssets": "33493000000",
          "commonStock": "5641000000",
          "otherCurrentAssets": "1899000000",
          "retainedEarnings": "6888000000",
          "otherLiab": "2379000000",
          "goodWill": "2503000000",
          "otherAssets": "4739000000",
          "cash": "6497000000",
          "totalCurrentLiabilities": "15702000000",
          "propertyPlantEquipment": "3527000000",
          "shortTermInvestments": "1865000000",
          "longTermDebt": "2338000000",
          "inventory": "5543000000",
          "accountsPayable": "4425000000",
          "treasuryStock": "536000000"
        },
        "2008-06-30": {
          "date": "2008-06-30",
          "intangibleAssets": "2774000000",
          "totalLiab": "20899000000",
          "totalStockholderEquity": "12718000000",
          "otherCurrentLiab": "10708000000",
          "totalAssets": "34155000000",
          "commonStock": "5673000000",
          "otherCurrentAssets": "1677000000",
          "retainedEarnings": "7810000000",
          "otherLiab": "2436000000",
          "goodWill": "2501000000",
          "otherAssets": "4595000000",
          "cash": "8087000000",
          "totalCurrentLiabilities": "15803000000",
          "propertyPlantEquipment": "3625000000",
          "shortTermInvestments": "513000000",
          "longTermDebt": "2212000000",
          "inventory": "5817000000",
          "accountsPayable": "4712000000",
          "treasuryStock": "765000000"
        },
        "2002-03-31": {
          "date": "2002-03-31",
          "totalLiab": "30583000000",
          "totalStockholderEquity": "2239000000",
          "otherCurrentLiab": "9533000000",
          "totalAssets": "33039000000",
          "commonStock": "1784000000",
          "otherCurrentAssets": "1973000000",
          "retainedEarnings": "1961000000",
          "otherLiab": "4677000000",
          "otherAssets": "9960000000",
          "totalCurrentLiabilities": "20132000000",
          "propertyPlantEquipment": "3045000000",
          "longTermDebt": "4387000000",
          "inventory": "3201000000",
          "accountsPayable": "3916000000",
          "treasuryStock": "1750000000"
        },
        "2017-03-31": {
          "date": "2017-03-31",
          "intangibleAssets": "11516000000",
          "totalLiab": "25371000000",
          "totalStockholderEquity": "14403000000",
          "otherCurrentLiab": "9633000000",
          "totalAssets": "40306000000",
          "commonStock": "261000000",
          "otherCurrentAssets": "775000000",
          "retainedEarnings": "15651000000",
          "otherLiab": "3510000000",
          "goodWill": "9567000000",
          "otherAssets": "13294000000",
          "cash": "5562000000",
          "totalCurrentLiabilities": "15153000000",
          "shortLongTermDebt": "6934000000",
          "otherStockholderEquity": "-4998000000",
          "propertyPlantEquipment": "4805000000",
          "totalCurrentAssets": "22207000000",
          "longTermInvestments": "231000000",
          "netTangibleAssets": "2887000000",
          "shortTermInvestments": "1224000000",
          "netReceivables": "9918000000",
          "longTermDebt": "5885000000",
          "inventory": "4728000000",
          "accountsPayable": "4471000000",
          "treasuryStock": "1456000000"
        },
        "2013-09-30": {
          "date": "2013-09-30",
          "intangibleAssets": "14078000000",
          "totalLiab": "29342000000",
          "totalStockholderEquity": "17589000000",
          "otherCurrentLiab": "11063000000",
          "totalAssets": "47426000000",
          "commonStock": "1734000000",
          "otherCurrentAssets": "1978000000",
          "retainedEarnings": "16168000000",
          "otherLiab": "3782000000",
          "goodWill": "10646000000",
          "otherAssets": "15456000000",
          "cash": "4296000000",
          "totalCurrentLiabilities": "16733000000",
          "propertyPlantEquipment": "6050000000",
          "shortTermInvestments": "380000000",
          "longTermDebt": "7553000000",
          "inventory": "6634000000",
          "accountsPayable": "5103000000",
          "treasuryStock": "313000000"
        },
        "2011-03-31": {
          "date": "2011-03-31",
          "intangibleAssets": "8732000000",
          "totalLiab": "21345000000",
          "totalStockholderEquity": "15985000000",
          "otherCurrentLiab": "11096000000",
          "totalAssets": "37939000000",
          "commonStock": "1465000000",
          "otherCurrentAssets": "1978000000",
          "retainedEarnings": "14953000000",
          "otherLiab": "2530000000",
          "goodWill": "6945000000",
          "otherAssets": "10015000000",
          "cash": "3649000000",
          "totalCurrentLiabilities": "17188000000",
          "propertyPlantEquipment": "4843000000",
          "shortTermInvestments": "862000000",
          "longTermDebt": "1189000000",
          "inventory": "6085000000",
          "accountsPayable": "4967000000",
          "treasuryStock": "433000000"
        },
        "2004-03-31": {
          "date": "2004-03-31",
          "intangibleAssets": "2309000000",
          "totalLiab": "24964000000",
          "totalStockholderEquity": "3013000000",
          "otherCurrentLiab": "10763000000",
          "totalAssets": "28264000000",
          "commonStock": "4083000000",
          "otherCurrentAssets": "7794000000",
          "retainedEarnings": "84000000",
          "otherLiab": "3627000000",
          "goodWill": "2309000000",
          "otherAssets": "5927000000",
          "totalCurrentLiabilities": "14611000000",
          "propertyPlantEquipment": "2749000000",
          "longTermDebt": "5774000000",
          "inventory": "2821000000",
          "accountsPayable": "2874000000",
          "treasuryStock": "138000000"
        },
        "2003-12-31": {
          "date": "2003-12-31",
          "intangibleAssets": "2547000000",
          "totalLiab": "27199000000",
          "totalStockholderEquity": "2917000000",
          "otherCurrentLiab": "11214000000",
          "totalAssets": "30401000000",
          "commonStock": "4181000000",
          "otherCurrentAssets": "8429000000",
          "otherLiab": "3667000000",
          "goodWill": "2331000000",
          "otherAssets": "6046000000",
          "cash": "4669000000",
          "totalCurrentLiabilities": "16273000000",
          "propertyPlantEquipment": "2840000000",
          "shortTermInvestments": "473000000",
          "longTermDebt": "6290000000",
          "inventory": "2617000000",
          "accountsPayable": "2999000000",
          "treasuryStock": "138000000"
        },
        "2000-12-31": {
          "date": "2000-12-31",
          "totalLiab": "25470000000",
          "totalStockholderEquity": "5171000000",
          "otherCurrentLiab": "8019000000",
          "totalAssets": "30962000000",
          "commonStock": "1852000000",
          "otherCurrentAssets": "1585000000",
          "retainedEarnings": "3506000000",
          "otherLiab": "4714000000",
          "otherAssets": "9008000000",
          "cash": "1397000000",
          "totalCurrentLiabilities": "15452000000",
          "propertyPlantEquipment": "3243000000",
          "shortTermInvestments": "4209000000",
          "longTermDebt": "3776000000",
          "inventory": "3192000000",
          "accountsPayable": "3375000000",
          "treasuryStock": "417000000"
        },
        "2014-12-31": {
          "date": "2014-12-31",
          "intangibleAssets": "12755000000",
          "totalLiab": "28063000000",
          "totalStockholderEquity": "16269000000",
          "deferredLongTermLiab": "1165000000",
          "otherCurrentLiab": "10169000000",
          "totalAssets": "44878000000",
          "commonStock": "1725000000",
          "otherCurrentAssets": "1764000000",
          "retainedEarnings": "15698000000",
          "otherLiab": "3980000000",
          "goodWill": "10053000000",
          "otherAssets": "14240000000",
          "cash": "5443000000",
          "totalCurrentLiabilities": "15580000000",
          "shortLongTermDebt": "54000000",
          "otherStockholderEquity": "-4241000000",
          "propertyPlantEquipment": "5652000000",
          "totalCurrentAssets": "24986000000",
          "longTermInvestments": "327000000",
          "netTangibleAssets": "3565000000",
          "shortTermInvestments": "1325000000",
          "netReceivables": "11078000000",
          "longTermDebt": "7338000000",
          "inventory": "5376000000",
          "accountsPayable": "4765000000",
          "treasuryStock": "1206000000"
        },
        "2014-06-30": {
          "date": "2014-06-30",
          "intangibleAssets": "13362000000",
          "totalLiab": "28908000000",
          "totalStockholderEquity": "17722000000",
          "otherCurrentLiab": "10694000000",
          "totalAssets": "47075000000",
          "commonStock": "2685000000",
          "otherCurrentAssets": "2156000000",
          "retainedEarnings": "16433000000",
          "otherLiab": "3177000000",
          "goodWill": "10367000000",
          "otherAssets": "14707000000",
          "cash": "4949000000",
          "totalCurrentLiabilities": "16886000000",
          "propertyPlantEquipment": "5984000000",
          "shortTermInvestments": "963000000",
          "longTermDebt": "7585000000",
          "inventory": "6210000000",
          "accountsPayable": "4950000000",
          "treasuryStock": "488000000"
        },
        "2005-09-30": {
          "date": "2005-09-30",
          "intangibleAssets": "2871000000",
          "totalLiab": "19528000000",
          "totalStockholderEquity": "3297000000",
          "otherCurrentLiab": "7881000000",
          "totalAssets": "23119000000",
          "commonStock": "3083000000",
          "otherCurrentAssets": "1581000000",
          "retainedEarnings": "352000000",
          "otherLiab": "2459000000",
          "goodWill": "2492000000",
          "otherAssets": "5531000000",
          "totalCurrentLiabilities": "12366000000",
          "propertyPlantEquipment": "2627000000",
          "longTermDebt": "3984000000",
          "inventory": "3192000000",
          "accountsPayable": "3975000000",
          "treasuryStock": "138000000"
        },
        "2019-03-31": {
          "date": "2019-03-31",
          "intangibleAssets": "2527000000",
          "totalLiab": "30500000000",
          "totalStockholderEquity": "14495000000",
          "otherCurrentLiab": "11911000000",
          "totalAssets": "45602000000",
          "commonStock": "188000000",
          "otherCurrentAssets": "5936000000",
          "retainedEarnings": "20411000000",
          "otherLiab": "4872000000",
          "goodWill": "10765000000",
          "otherAssets": "5167000000",
          "cash": "2734000000",
          "totalCurrentLiabilities": "17783000000",
          "shortLongTermDebt": "14000000",
          "otherStockholderEquity": "-5355000000",
          "propertyPlantEquipment": "5185000000",
          "totalCurrentAssets": "21807000000",
          "longTermInvestments": "151000000",
          "netTangibleAssets": "1203000000",
          "shortTermInvestments": "833000000",
          "netReceivables": "7593000000",
          "longTermDebt": "6899000000",
          "inventory": "4459000000",
          "accountsPayable": "4081000000"
        },
        "2006-12-31": {
          "date": "2006-12-31",
          "intangibleAssets": "2890000000",
          "totalLiab": "18653000000",
          "totalStockholderEquity": "6038000000",
          "otherCurrentLiab": "7941000000",
          "totalAssets": "25142000000",
          "commonStock": "4485000000",
          "otherCurrentAssets": "1231000000",
          "retainedEarnings": "1628000000",
          "otherLiab": "2348000000",
          "goodWill": "2581000000",
          "otherAssets": "5154000000",
          "cash": "4262000000",
          "totalCurrentLiabilities": "12376000000",
          "propertyPlantEquipment": "2811000000",
          "shortTermInvestments": "528000000",
          "longTermDebt": "3160000000",
          "inventory": "3880000000",
          "accountsPayable": "3936000000",
          "treasuryStock": "104000000"
        },
        "2004-12-31": {
          "date": "2004-12-31",
          "intangibleAssets": "2814000000",
          "totalLiab": "21556000000",
          "totalStockholderEquity": "2824000000",
          "otherCurrentLiab": "7794000000",
          "totalAssets": "24677000000",
          "commonStock": "4534000000",
          "otherCurrentAssets": "1620000000",
          "otherLiab": "2634000000",
          "goodWill": "2602000000",
          "otherAssets": "6346000000",
          "cash": "3676000000",
          "totalCurrentLiabilities": "13068000000",
          "propertyPlantEquipment": "2981000000",
          "shortTermInvestments": "524000000",
          "longTermDebt": "4901000000",
          "inventory": "2977000000",
          "accountsPayable": "4272000000",
          "treasuryStock": "138000000"
        },
        "2003-09-30": {
          "date": "2003-09-30",
          "intangibleAssets": "2361000000",
          "totalLiab": "27280000000",
          "totalStockholderEquity": "1019000000",
          "otherCurrentLiab": "11425000000",
          "totalAssets": "28549000000",
          "commonStock": "2271000000",
          "otherCurrentAssets": "5573000000",
          "retainedEarnings": "586000000",
          "otherLiab": "3510000000",
          "goodWill": "2361000000",
          "otherAssets": "6368000000",
          "totalCurrentLiabilities": "17424000000",
          "propertyPlantEquipment": "2835000000",
          "longTermDebt": "5257000000",
          "inventory": "2660000000",
          "accountsPayable": "2910000000",
          "treasuryStock": "138000000"
        }
      },
      "yearly": {
        "2017-12-31": {
          "date": "2017-12-31",
          "intangibleAssets": "2425000000",
          "totalLiab": "28109000000",
          "totalStockholderEquity": "14819000000",
          "deferredLongTermLiab": "1099000000",
          "otherCurrentLiab": "9419000000",
          "totalAssets": "43458000000",
          "commonStock": "188000000",
          "otherCurrentAssets": "5628000000",
          "retainedEarnings": "19594000000",
          "otherLiab": "4954000000",
          "goodWill": "9536000000",
          "otherAssets": "5445000000",
          "cash": "4526000000",
          "totalCurrentLiabilities": "16469000000",
          "shortLongTermDebt": "379000000",
          "otherStockholderEquity": "-4345000000",
          "propertyPlantEquipment": "3804000000",
          "totalCurrentAssets": "22135000000",
          "longTermInvestments": "113000000",
          "netTangibleAssets": "2858000000",
          "shortTermInvestments": "1083000000",
          "netReceivables": "7002000000",
          "longTermDebt": "6571000000",
          "inventory": "3737000000",
          "accountsPayable": "3736000000",
          "treasuryStock": "647000000"
        },
        "2018-12-31": {
          "date": "2018-12-31",
          "intangibleAssets": "2607000000",
          "totalLiab": "29907000000",
          "totalStockholderEquity": "13952000000",
          "otherCurrentLiab": "9091000000",
          "totalAssets": "44441000000",
          "commonStock": "188000000",
          "otherCurrentAssets": "5780000000",
          "retainedEarnings": "19839000000",
          "otherLiab": "4872000000",
          "goodWill": "10764000000",
          "otherAssets": "4950000000",
          "cash": "3445000000",
          "totalCurrentLiabilities": "18447000000",
          "shortLongTermDebt": "1449000000",
          "otherStockholderEquity": "-5311000000",
          "propertyPlantEquipment": "4133000000",
          "totalCurrentAssets": "21865000000",
          "longTermInvestments": "122000000",
          "netTangibleAssets": "581000000",
          "shortTermInvestments": "712000000",
          "netReceivables": "7468000000",
          "longTermDebt": "6458000000",
          "inventory": "4284000000",
          "accountsPayable": "4424000000"
        },
        "2007-12-31": {
          "date": "2007-12-31",
          "intangibleAssets": "2691000000",
          "totalLiab": "19452000000",
          "totalStockholderEquity": "10957000000",
          "otherCurrentLiab": "9325000000",
          "totalAssets": "31001000000",
          "commonStock": "5111000000",
          "otherCurrentAssets": "1590000000",
          "retainedEarnings": "5625000000",
          "otherLiab": "2428000000",
          "goodWill": "2421000000",
          "otherAssets": "1369000000",
          "cash": "4650000000",
          "totalCurrentLiabilities": "14479000000",
          "propertyPlantEquipment": "3246000000",
          "shortTermInvestments": "3460000000",
          "longTermDebt": "2138000000",
          "inventory": "4863000000",
          "accountsPayable": "4167000000",
          "treasuryStock": "302000000"
        },
        "2002-12-31": {
          "date": "2002-12-31",
          "intangibleAssets": "2600000000",
          "totalLiab": "28262000000",
          "totalStockholderEquity": "1013000000",
          "otherCurrentLiab": "12454000000",
          "totalAssets": "29533000000",
          "commonStock": "2169000000",
          "otherCurrentAssets": "5790000000",
          "retainedEarnings": "736000000",
          "otherLiab": "3306000000",
          "goodWill": "2321000000",
          "otherAssets": "3456000000",
          "cash": "2478000000",
          "totalCurrentLiabilities": "18414000000",
          "propertyPlantEquipment": "2792000000",
          "shortTermInvestments": "2135000000",
          "longTermDebt": "5376000000",
          "inventory": "2377000000",
          "accountsPayable": "2961000000",
          "treasuryStock": "1750000000"
        },
        "2015-12-31": {
          "date": "2015-12-31",
          "intangibleAssets": "2293000000",
          "totalLiab": "26368000000",
          "totalStockholderEquity": "14481000000",
          "deferredLongTermLiab": "965000000",
          "otherCurrentLiab": "7127000000",
          "totalAssets": "41356000000",
          "commonStock": "1444000000",
          "otherCurrentAssets": "1513000000",
          "retainedEarnings": "20476000000",
          "otherLiab": "4538000000",
          "goodWill": "9671000000",
          "otherAssets": "1034000000",
          "cash": "4565000000",
          "totalCurrentLiabilities": "15844000000",
          "shortLongTermDebt": "1149000000",
          "otherStockholderEquity": "-4858000000",
          "propertyPlantEquipment": "5276000000",
          "totalCurrentAssets": "22760000000",
          "longTermInvestments": "322000000",
          "netTangibleAssets": "2517000000",
          "shortTermInvestments": "1633000000",
          "netReceivables": "10061000000",
          "longTermDebt": "5890000000",
          "inventory": "4757000000",
          "accountsPayable": "4342000000",
          "treasuryStock": "2581000000"
        },
        "2014-12-31": {
          "date": "2014-12-31",
          "intangibleAssets": "12755000000",
          "totalLiab": "28063000000",
          "totalStockholderEquity": "16269000000",
          "deferredLongTermLiab": "1165000000",
          "otherCurrentLiab": "10169000000",
          "totalAssets": "44878000000",
          "commonStock": "1725000000",
          "otherCurrentAssets": "1764000000",
          "retainedEarnings": "15698000000",
          "otherLiab": "3980000000",
          "goodWill": "10053000000",
          "otherAssets": "1202000000",
          "cash": "5443000000",
          "totalCurrentLiabilities": "15580000000",
          "shortLongTermDebt": "54000000",
          "otherStockholderEquity": "-4241000000",
          "propertyPlantEquipment": "5652000000",
          "totalCurrentAssets": "24986000000",
          "longTermInvestments": "327000000",
          "netTangibleAssets": "3565000000",
          "shortTermInvestments": "1325000000",
          "netReceivables": "11078000000",
          "longTermDebt": "7338000000",
          "inventory": "5376000000",
          "accountsPayable": "4765000000",
          "treasuryStock": "1206000000"
        },
        "2013-12-31": {
          "date": "2013-12-31",
          "intangibleAssets": "13967000000",
          "totalLiab": "28856000000",
          "totalStockholderEquity": "18678000000",
          "otherCurrentLiab": "10753000000",
          "totalAssets": "48064000000",
          "commonStock": "2678000000",
          "otherCurrentAssets": "1790000000",
          "retainedEarnings": "17174000000",
          "otherLiab": "3346000000",
          "goodWill": "10670000000",
          "otherAssets": "1095000000",
          "cash": "6021000000",
          "totalCurrentLiabilities": "16675000000",
          "shortLongTermDebt": "8023000000",
          "otherStockholderEquity": "-2012000000",
          "propertyPlantEquipment": "6254000000",
          "totalCurrentAssets": "26425000000",
          "longTermInvestments": "197000000",
          "netTangibleAssets": "4711000000",
          "shortTermInvestments": "464000000",
          "netReceivables": "12146000000",
          "longTermDebt": "7570000000",
          "inventory": "6004000000",
          "accountsPayable": "5112000000",
          "treasuryStock": "246000000"
        },
        "2010-12-31": {
          "date": "2010-12-31",
          "intangibleAssets": "4786000000",
          "totalLiab": "20837000000",
          "totalStockholderEquity": "14885000000",
          "otherCurrentLiab": "10710000000",
          "totalAssets": "36295000000",
          "commonStock": "2537000000",
          "otherCurrentAssets": "1890000000",
          "retainedEarnings": "13872000000",
          "otherLiab": "2549000000",
          "goodWill": "4085000000",
          "otherAssets": "1366000000",
          "cash": "5897000000",
          "totalCurrentLiabilities": "16738000000",
          "propertyPlantEquipment": "4356000000",
          "shortTermInvestments": "2713000000",
          "longTermDebt": "1139000000",
          "inventory": "4878000000",
          "accountsPayable": "4555000000",
          "treasuryStock": "441000000"
        },
        "2008-12-31": {
          "date": "2008-12-31",
          "intangibleAssets": "3228000000",
          "totalLiab": "21411000000",
          "totalStockholderEquity": "11158000000",
          "otherCurrentLiab": "10617000000",
          "totalAssets": "33181000000",
          "commonStock": "4071000000",
          "otherCurrentAssets": "1990000000",
          "retainedEarnings": "7363000000",
          "otherLiab": "2973000000",
          "goodWill": "2817000000",
          "otherAssets": "1531000000",
          "cash": "6399000000",
          "totalCurrentLiabilities": "16004000000",
          "propertyPlantEquipment": "3562000000",
          "shortTermInvestments": "1407000000",
          "longTermDebt": "2009000000",
          "inventory": "5306000000",
          "accountsPayable": "4451000000",
          "treasuryStock": "900000000"
        },
        "2003-12-31": {
          "date": "2003-12-31",
          "intangibleAssets": "2547000000",
          "totalLiab": "27199000000",
          "totalStockholderEquity": "2917000000",
          "otherCurrentLiab": "11214000000",
          "totalAssets": "30401000000",
          "commonStock": "4181000000",
          "otherCurrentAssets": "8429000000",
          "otherLiab": "3667000000",
          "goodWill": "2331000000",
          "otherAssets": "857000000",
          "cash": "4669000000",
          "totalCurrentLiabilities": "16273000000",
          "propertyPlantEquipment": "2840000000",
          "shortTermInvestments": "473000000",
          "longTermDebt": "6290000000",
          "inventory": "2617000000",
          "accountsPayable": "2999000000",
          "treasuryStock": "138000000"
        },
        "2004-12-31": {
          "date": "2004-12-31",
          "intangibleAssets": "2814000000",
          "totalLiab": "21556000000",
          "totalStockholderEquity": "2824000000",
          "otherCurrentLiab": "7794000000",
          "totalAssets": "24677000000",
          "commonStock": "4534000000",
          "otherCurrentAssets": "1620000000",
          "otherLiab": "2634000000",
          "goodWill": "2602000000",
          "otherAssets": "830000000",
          "cash": "3676000000",
          "totalCurrentLiabilities": "13068000000",
          "propertyPlantEquipment": "2981000000",
          "shortTermInvestments": "524000000",
          "longTermDebt": "4901000000",
          "inventory": "2977000000",
          "accountsPayable": "4272000000",
          "treasuryStock": "138000000"
        },
        "2001-12-31": {
          "date": "2001-12-31",
          "totalLiab": "30115000000",
          "totalStockholderEquity": "2014000000",
          "otherCurrentLiab": "9791000000",
          "totalAssets": "32344000000",
          "commonStock": "1807000000",
          "otherCurrentAssets": "2358000000",
          "retainedEarnings": "1736000000",
          "otherLiab": "4677000000",
          "otherAssets": "9827000000",
          "cash": "2767000000",
          "totalCurrentLiabilities": "19035000000",
          "propertyPlantEquipment": "3003000000",
          "shortTermInvestments": "2946000000",
          "longTermDebt": "5043000000",
          "inventory": "3075000000",
          "accountsPayable": "3991000000",
          "treasuryStock": "1750000000"
        },
        "2016-12-31": {
          "date": "2016-12-31",
          "intangibleAssets": "1952000000",
          "totalLiab": "25305000000",
          "totalStockholderEquity": "13395000000",
          "deferredLongTermLiab": "918000000",
          "otherCurrentLiab": "6831000000",
          "totalAssets": "39202000000",
          "commonStock": "192000000",
          "otherCurrentAssets": "1234000000",
          "retainedEarnings": "19925000000",
          "otherLiab": "4356000000",
          "goodWill": "9501000000",
          "otherAssets": "1663000000",
          "cash": "3644000000",
          "totalCurrentLiabilities": "15149000000",
          "shortLongTermDebt": "845000000",
          "otherStockholderEquity": "-5187000000",
          "propertyPlantEquipment": "4743000000",
          "totalCurrentAssets": "21052000000",
          "longTermInvestments": "291000000",
          "netTangibleAssets": "1942000000",
          "shortTermInvestments": "1953000000",
          "netReceivables": "9696000000",
          "longTermDebt": "5709000000",
          "inventory": "4347000000",
          "accountsPayable": "4446000000",
          "treasuryStock": "1559000000"
        },
        "2012-12-31": {
          "date": "2012-12-31",
          "intangibleAssets": "13727000000",
          "totalLiab": "31624000000",
          "totalStockholderEquity": "16906000000",
          "otherCurrentLiab": "11076000000",
          "totalAssets": "49070000000",
          "commonStock": "2604000000",
          "otherCurrentAssets": "1764000000",
          "retainedEarnings": "15543000000",
          "otherLiab": "3856000000",
          "goodWill": "10226000000",
          "otherAssets": "1066000000",
          "cash": "6875000000",
          "totalCurrentLiabilities": "18974000000",
          "propertyPlantEquipment": "5947000000",
          "shortTermInvestments": "1606000000",
          "longTermDebt": "7534000000",
          "inventory": "6182000000",
          "accountsPayable": "4992000000",
          "treasuryStock": "328000000"
        },
        "2011-12-31": {
          "date": "2011-12-31",
          "intangibleAssets": "9522000000",
          "totalLiab": "23312000000",
          "totalStockholderEquity": "15777000000",
          "otherCurrentLiab": "10630000000",
          "totalAssets": "39648000000",
          "commonStock": "2544000000",
          "otherCurrentAssets": "1510000000",
          "retainedEarnings": "14580000000",
          "otherLiab": "2983000000",
          "goodWill": "7269000000",
          "otherAssets": "1066000000",
          "cash": "4819000000",
          "totalCurrentLiabilities": "16561000000",
          "propertyPlantEquipment": "4922000000",
          "shortTermInvestments": "948000000",
          "longTermDebt": "3231000000",
          "inventory": "5737000000",
          "accountsPayable": "4789000000",
          "treasuryStock": "424000000"
        },
        "2009-12-31": {
          "date": "2009-12-31",
          "intangibleAssets": "3469000000",
          "totalLiab": "20255000000",
          "totalStockholderEquity": "13790000000",
          "otherCurrentLiab": "10128000000",
          "totalAssets": "34728000000",
          "commonStock": "3328000000",
          "otherCurrentAssets": "1676000000",
          "retainedEarnings": "10744000000",
          "otherLiab": "3176000000",
          "goodWill": "3026000000",
          "otherAssets": "1457000000",
          "cash": "7119000000",
          "totalCurrentLiabilities": "14579000000",
          "propertyPlantEquipment": "4072000000",
          "shortTermInvestments": "2433000000",
          "longTermDebt": "2172000000",
          "inventory": "4550000000",
          "accountsPayable": "3853000000",
          "treasuryStock": "897000000"
        },
        "2006-12-31": {
          "date": "2006-12-31",
          "intangibleAssets": "2890000000",
          "totalLiab": "18653000000",
          "totalStockholderEquity": "6038000000",
          "otherCurrentLiab": "7941000000",
          "totalAssets": "25142000000",
          "commonStock": "4485000000",
          "otherCurrentAssets": "1231000000",
          "retainedEarnings": "1628000000",
          "otherLiab": "2348000000",
          "goodWill": "2581000000",
          "otherAssets": "1073000000",
          "cash": "4262000000",
          "totalCurrentLiabilities": "12376000000",
          "propertyPlantEquipment": "2811000000",
          "shortTermInvestments": "528000000",
          "longTermDebt": "3160000000",
          "inventory": "3880000000",
          "accountsPayable": "3936000000",
          "treasuryStock": "104000000"
        },
        "2005-12-31": {
          "date": "2005-12-31",
          "intangibleAssets": "2828000000",
          "totalLiab": "18452000000",
          "totalStockholderEquity": "3483000000",
          "otherCurrentLiab": "7747000000",
          "totalAssets": "22276000000",
          "commonStock": "3949096000",
          "otherCurrentAssets": "764000000",
          "retainedEarnings": "498000000",
          "otherLiab": "2221000000",
          "goodWill": "2479000000",
          "otherAssets": "1472000000",
          "cash": "3226000000",
          "totalCurrentLiabilities": "11606000000",
          "propertyPlantEquipment": "2565000000",
          "shortTermInvestments": "368000000",
          "longTermDebt": "3933000000",
          "inventory": "3074000000",
          "accountsPayable": "3321000000",
          "treasuryStock": "136000000"
        },
        "2000-12-31": {
          "date": "2000-12-31",
          "totalLiab": "25470000000",
          "totalStockholderEquity": "5171000000",
          "otherCurrentLiab": "8019000000",
          "totalAssets": "30962000000",
          "commonStock": "1852000000",
          "otherCurrentAssets": "1585000000",
          "retainedEarnings": "3506000000",
          "otherLiab": "4714000000",
          "otherAssets": "9008000000",
          "cash": "1397000000",
          "totalCurrentLiabilities": "15452000000",
          "propertyPlantEquipment": "3243000000",
          "shortTermInvestments": "4209000000",
          "longTermDebt": "3776000000",
          "inventory": "3192000000",
          "accountsPayable": "3375000000",
          "treasuryStock": "417000000"
        }
      }
    },
    "Cash_Flow": {
      "currency_symbol": "USD",
      "quarterly": {
        "2016-12-31": {
          "date": "2016-12-31",
          "filing_date": "0000-00-00",
          "investments": "-465000000",
          "changeToLiabilities": "420000000",
          "totalCashflowsFromInvestingActivities": "-1305000000",
          "netBorrowings": "-475000000",
          "totalCashFromFinancingActivities": "-3355000000",
          "changeToOperatingActivities": "198000000",
          "netIncome": "425000000",
          "changeInCash": "-921000000",
          "totalCashFromOperatingActivities": "3843000000",
          "depreciation": "820000000",
          "otherCashflowsFromInvestingActivities": "-240000000",
          "dividendsPaid": "-1635000000",
          "changeToInventory": "115000000",
          "changeToAccountReceivables": "10000000",
          "salePurchaseOfStock": "192000000",
          "otherCashflowsFromFinancingActivities": "-163000000",
          "changeToNetincome": "546000000",
          "capitalExpenditures": "831000000"
        },
        "2011-03-31": {
          "date": "2011-03-31",
          "changeToLiabilities": "135000000",
          "netIncome": "655000000",
          "totalCashFromOperatingActivities": "166000000",
          "changeToAccountReceivables": "15000000",
          "capitalExpenditures": "139000000"
        },
        "2017-03-31": {
          "date": "2017-03-31",
          "filing_date": "0000-00-00",
          "investments": "760000000",
          "changeToLiabilities": "191000000",
          "totalCashflowsFromInvestingActivities": "1262000000",
          "netBorrowings": "38000000",
          "totalCashFromFinancingActivities": "106000000",
          "changeToOperatingActivities": "119000000",
          "netIncome": "724000000",
          "changeInCash": "1918000000",
          "totalCashFromOperatingActivities": "509000000",
          "depreciation": "263000000",
          "otherCashflowsFromInvestingActivities": "674000000",
          "dividendsPaid": "-1635000000",
          "changeToInventory": "-260000000",
          "changeToAccountReceivables": "-67000000",
          "salePurchaseOfStock": "83000000",
          "otherCashflowsFromFinancingActivities": "-15000000",
          "changeToNetincome": "-313000000",
          "capitalExpenditures": "192000000"
        },
        "2017-09-30": {
          "date": "2017-09-30",
          "filing_date": "0000-00-00",
          "investments": "-48000000",
          "changeToLiabilities": "380000000",
          "totalCashflowsFromInvestingActivities": "-2275000000",
          "netBorrowings": "-103000000",
          "totalCashFromFinancingActivities": "-107000000",
          "changeToOperatingActivities": "160000000",
          "netIncome": "571000000",
          "changeInCash": "-1369000000",
          "totalCashFromOperatingActivities": "1930000000",
          "depreciation": "287000000",
          "otherCashflowsFromInvestingActivities": "66000000",
          "dividendsPaid": "-1635000000",
          "changeToInventory": "-73000000",
          "changeToAccountReceivables": "-65000000",
          "salePurchaseOfStock": "77000000",
          "otherCashflowsFromFinancingActivities": "-4000000",
          "changeToNetincome": "50000000",
          "capitalExpenditures": "620000000"
        },
        "2009-03-31": {
          "date": "2009-03-31",
          "totalCashflowsFromInvestingActivities": "503000000",
          "netIncome": "652000000",
          "capitalExpenditures": "185000000"
        },
        "2008-06-30": {
          "date": "2008-06-30",
          "changeToLiabilities": "350000000",
          "totalCashflowsFromInvestingActivities": "2429000000",
          "netIncome": "975000000",
          "totalCashFromOperatingActivities": "1468000000",
          "otherCashflowsFromInvestingActivities": "23000000",
          "capitalExpenditures": "473000000"
        },
        "2003-12-31": {
          "date": "2003-12-31",
          "totalCashflowsFromInvestingActivities": "754000000",
          "totalCashFromFinancingActivities": "1603000000",
          "otherCashflowsFromInvestingActivities": "543000000",
          "changeToInventory": "238000000",
          "changeToAccountReceivables": "85000000",
          "capitalExpenditures": "547000000"
        },
        "2002-03-31": {
          "date": "2002-03-31",
          "totalCashflowsFromInvestingActivities": "145000000",
          "totalCashFromFinancingActivities": "1267000000",
          "netIncome": "155000000",
          "otherCashflowsFromInvestingActivities": "170000000",
          "changeToAccountReceivables": "347000000",
          "capitalExpenditures": "152000000"
        },
        "2000-03-31": {
          "date": "2000-03-31",
          "totalCashFromFinancingActivities": "166000000",
          "netIncome": "55000000",
          "totalCashFromOperatingActivities": "109000000"
        },
        "2019-03-31": {
          "date": "2019-03-31",
          "investments": "-110000000",
          "changeToLiabilities": "-307000000",
          "totalCashflowsFromInvestingActivities": "-334000000",
          "netBorrowings": "-123000000",
          "totalCashFromFinancingActivities": "-133000000",
          "changeToOperatingActivities": "-18000000",
          "netIncome": "535000000",
          "changeInCash": "-711000000",
          "totalCashFromOperatingActivities": "-256000000",
          "depreciation": "231000000",
          "otherCashflowsFromInvestingActivities": "-42000000",
          "dividendsPaid": "-1675000000",
          "changeToInventory": "-213000000",
          "changeToAccountReceivables": "-113000000",
          "otherCashflowsFromFinancingActivities": "-10000000",
          "changeToNetincome": "-382000000",
          "capitalExpenditures": "207000000"
        },
        "2015-06-30": {
          "date": "2015-06-30",
          "netIncome": "588000000",
          "totalCashFromOperatingActivities": "651000000",
          "otherCashflowsFromInvestingActivities": "160000000",
          "dividendsPaid": "-1357000000",
          "capitalExpenditures": "358000000"
        },
        "2010-09-30": {
          "date": "2010-09-30",
          "changeToLiabilities": "506000000",
          "netIncome": "774000000",
          "totalCashFromOperatingActivities": "2438000000",
          "otherCashflowsFromInvestingActivities": "62000000",
          "dividendsPaid": "-1112000000",
          "capitalExpenditures": "433000000"
        },
        "2010-03-31": {
          "date": "2010-03-31",
          "changeToLiabilities": "25000000",
          "totalCashflowsFromInvestingActivities": "145000000",
          "totalCashFromFinancingActivities": "17000000",
          "netIncome": "464000000",
          "totalCashFromOperatingActivities": "427000000",
          "changeToAccountReceivables": "83000000",
          "capitalExpenditures": "148000000"
        },
        "2003-03-31": {
          "date": "2003-03-31",
          "totalCashflowsFromInvestingActivities": "102000000",
          "totalCashFromFinancingActivities": "84000000",
          "otherCashflowsFromInvestingActivities": "14000000",
          "otherCashflowsFromFinancingActivities": "15000000",
          "capitalExpenditures": "100000000"
        },
        "2015-12-31": {
          "date": "2015-12-31",
          "filing_date": "0000-00-00",
          "investments": "-430000000",
          "changeToLiabilities": "29000000",
          "totalCashflowsFromInvestingActivities": "-974000000",
          "netBorrowings": "-30000000",
          "totalCashFromFinancingActivities": "-3380000000",
          "changeToOperatingActivities": "394000000",
          "netIncome": "204000000",
          "changeInCash": "-878000000",
          "totalCashFromOperatingActivities": "3818000000",
          "depreciation": "1079000000",
          "otherCashflowsFromInvestingActivities": "264000000",
          "dividendsPaid": "-1357000000",
          "changeToInventory": "105000000",
          "changeToAccountReceivables": "162000000",
          "salePurchaseOfStock": "107000000",
          "otherCashflowsFromFinancingActivities": "-221000000",
          "changeToNetincome": "67000000",
          "capitalExpenditures": "876000000"
        },
        "2014-03-31": {
          "date": "2014-03-31",
          "totalCashFromFinancingActivities": "981000000",
          "netIncome": "544000000",
          "otherCashflowsFromInvestingActivities": "71000000",
          "otherCashflowsFromFinancingActivities": "2000000",
          "capitalExpenditures": "203000000"
        },
        "2013-09-30": {
          "date": "2013-09-30",
          "netIncome": "835000000",
          "totalCashFromOperatingActivities": "1561000000",
          "dividendsPaid": "-1667000000",
          "capitalExpenditures": "692000000"
        },
        "2013-03-31": {
          "date": "2013-03-31",
          "netIncome": "664000000",
          "capitalExpenditures": "216000000"
        },
        "2010-12-31": {
          "date": "2010-12-31",
          "changeToLiabilities": "678000000",
          "netIncome": "700000000",
          "totalCashFromOperatingActivities": "4197000000",
          "dividendsPaid": "-1112000000",
          "capitalExpenditures": "840000000"
        },
        "2010-06-30": {
          "date": "2010-06-30",
          "changeToLiabilities": "320000000",
          "netIncome": "623000000",
          "totalCashFromOperatingActivities": "1076000000",
          "otherCashflowsFromInvestingActivities": "65000000",
          "capitalExpenditures": "280000000"
        },
        "2008-09-30": {
          "date": "2008-09-30",
          "changeToLiabilities": "401000000",
          "totalCashflowsFromInvestingActivities": "248000000",
          "netIncome": "927000000",
          "totalCashFromOperatingActivities": "2589000000",
          "otherCashflowsFromInvestingActivities": "46000000",
          "dividendsPaid": "-1060000000",
          "capitalExpenditures": "736000000"
        },
        "2016-09-30": {
          "date": "2016-09-30",
          "filing_date": "0000-00-00",
          "changeToLiabilities": "167000000",
          "totalCashflowsFromInvestingActivities": "263000000",
          "totalCashFromFinancingActivities": "-1893000000",
          "changeToOperatingActivities": "70000000",
          "netIncome": "568000000",
          "changeInCash": "-547000000",
          "totalCashFromOperatingActivities": "2415000000",
          "depreciation": "286000000",
          "changeToInventory": "-57000000",
          "changeToAccountReceivables": "163000000",
          "otherCashflowsFromFinancingActivities": "431000000",
          "capitalExpenditures": "532000000"
        },
        "2001-09-30": {
          "date": "2001-09-30",
          "changeToLiabilities": "444000000",
          "totalCashFromFinancingActivities": "2304000000",
          "totalCashFromOperatingActivities": "187000000",
          "otherCashflowsFromInvestingActivities": "31000000",
          "dividendsPaid": "-502000000",
          "capitalExpenditures": "560000000"
        },
        "2006-06-30": {
          "date": "2006-06-30",
          "changeToLiabilities": "215000000",
          "netIncome": "367000000",
          "totalCashFromOperatingActivities": "376000000",
          "otherCashflowsFromInvestingActivities": "22000000",
          "dividendsPaid": "-203000000",
          "capitalExpenditures": "212000000"
        },
        "2001-03-31": {
          "date": "2001-03-31",
          "totalCashFromFinancingActivities": "1371000000",
          "netIncome": "138000000",
          "otherCashflowsFromInvestingActivities": "8000000",
          "dividendsPaid": "-502000000",
          "capitalExpenditures": "189000000"
        },
        "2004-03-31": {
          "date": "2004-03-31",
          "netIncome": "1000000",
          "otherCashflowsFromInvestingActivities": "22000000",
          "changeToAccountReceivables": "22000000",
          "capitalExpenditures": "98000000"
        },
        "2017-12-31": {
          "date": "2017-12-31",
          "filing_date": "0000-00-00",
          "investments": "877000000",
          "changeToLiabilities": "711000000",
          "totalCashflowsFromInvestingActivities": "-1450000000",
          "netBorrowings": "124000000",
          "totalCashFromFinancingActivities": "-1735000000",
          "changeToOperatingActivities": "201000000",
          "netIncome": "393000000",
          "changeInCash": "882000000",
          "totalCashFromOperatingActivities": "3799000000",
          "depreciation": "786000000",
          "otherCashflowsFromInvestingActivities": "-232000000",
          "dividendsPaid": "-1635000000",
          "changeToInventory": "-66000000",
          "changeToAccountReceivables": "-172000000",
          "salePurchaseOfStock": "163000000",
          "otherCashflowsFromFinancingActivities": "-136000000",
          "changeToNetincome": "111000000",
          "capitalExpenditures": "949000000"
        },
        "2016-03-31": {
          "date": "2016-03-31",
          "netIncome": "500000000",
          "totalCashFromOperatingActivities": "252000000",
          "changeToAccountReceivables": "73000000",
          "capitalExpenditures": "170000000"
        },
        "2006-09-30": {
          "date": "2006-09-30",
          "changeToLiabilities": "279000000",
          "netIncome": "397000000",
          "totalCashFromOperatingActivities": "899000000",
          "otherCashflowsFromInvestingActivities": "18000000",
          "dividendsPaid": "-203000000",
          "capitalExpenditures": "318000000"
        },
        "2004-06-30": {
          "date": "2004-06-30",
          "totalCashflowsFromInvestingActivities": "110000000",
          "netIncome": "89000000",
          "otherCashflowsFromInvestingActivities": "315000000",
          "capitalExpenditures": "235000000"
        },
        "2000-09-30": {
          "date": "2000-09-30",
          "netIncome": "132000000",
          "totalCashFromOperatingActivities": "2295000000"
        },
        "2000-06-30": {
          "date": "2000-06-30",
          "netIncome": "1037000000",
          "totalCashFromOperatingActivities": "2095000000"
        },
        "2018-06-30": {
          "date": "2018-06-30",
          "filing_date": "0000-00-00",
          "investments": "-2000000",
          "changeToLiabilities": "432000000",
          "totalCashflowsFromInvestingActivities": "-2842000000",
          "netBorrowings": "2871000000",
          "totalCashFromFinancingActivities": "1071000000",
          "changeToOperatingActivities": "-71000000",
          "netIncome": "681000000",
          "changeInCash": "-879000000",
          "totalCashFromOperatingActivities": "1010000000",
          "depreciation": "280000000",
          "otherCashflowsFromInvestingActivities": "-149000000",
          "dividendsPaid": "-1717000000",
          "changeToInventory": "-198000000",
          "changeToAccountReceivables": "-144000000",
          "salePurchaseOfStock": "40000000",
          "otherCashflowsFromFinancingActivities": "-123000000",
          "changeToNetincome": "79000000",
          "capitalExpenditures": "197000000"
        },
        "2013-06-30": {
          "date": "2013-06-30",
          "totalCashflowsFromInvestingActivities": "600000000",
          "netIncome": "763000000",
          "totalCashFromOperatingActivities": "320000000",
          "otherCashflowsFromInvestingActivities": "6000000",
          "dividendsPaid": "-1667000000",
          "capitalExpenditures": "452000000"
        },
        "2003-09-30": {
          "date": "2003-09-30",
          "totalCashflowsFromInvestingActivities": "475000000",
          "otherCashflowsFromInvestingActivities": "465000000",
          "otherCashflowsFromFinancingActivities": "22000000",
          "capitalExpenditures": "391000000"
        },
        "2001-06-30": {
          "date": "2001-06-30",
          "changeToLiabilities": "265000000",
          "totalCashFromFinancingActivities": "2176000000",
          "netIncome": "128000000",
          "otherCashflowsFromInvestingActivities": "32000000",
          "dividendsPaid": "-502000000",
          "capitalExpenditures": "364000000"
        },
        "2015-03-31": {
          "date": "2015-03-31",
          "netIncome": "564000000",
          "totalCashFromOperatingActivities": "53000000",
          "otherCashflowsFromInvestingActivities": "62000000",
          "capitalExpenditures": "176000000"
        },
        "2018-03-31": {
          "date": "2018-03-31",
          "filing_date": "0000-00-00",
          "investments": "384000000",
          "changeToLiabilities": "-214000000",
          "totalCashflowsFromInvestingActivities": "155000000",
          "netBorrowings": "176000000",
          "totalCashFromFinancingActivities": "-64000000",
          "changeToOperatingActivities": "-658000000",
          "netIncome": "572000000",
          "changeInCash": "-364000000",
          "totalCashFromOperatingActivities": "-518000000",
          "depreciation": "285000000",
          "otherCashflowsFromInvestingActivities": "-3000000",
          "dividendsPaid": "-1717000000",
          "changeToInventory": "-249000000",
          "changeToAccountReceivables": "-304000000",
          "salePurchaseOfStock": "2000000",
          "otherCashflowsFromFinancingActivities": "8000000",
          "changeToNetincome": "88000000",
          "capitalExpenditures": "238000000"
        },
        "2016-06-30": {
          "date": "2016-06-30",
          "filing_date": "0000-00-00",
          "changeToLiabilities": "2000000",
          "totalCashflowsFromInvestingActivities": "-422000000",
          "totalCashFromFinancingActivities": "-478000000",
          "changeToOperatingActivities": "308000000",
          "netIncome": "406000000",
          "changeInCash": "119000000",
          "totalCashFromOperatingActivities": "1334000000",
          "depreciation": "287000000",
          "changeToInventory": "-39000000",
          "changeToAccountReceivables": "-304000000",
          "otherCashflowsFromFinancingActivities": "-244000000",
          "capitalExpenditures": "348000000"
        },
        "2014-12-31": {
          "date": "2014-12-31",
          "filing_date": "0000-00-00",
          "investments": "-1000000000",
          "changeToLiabilities": "266000000",
          "totalCashflowsFromInvestingActivities": "-1121000000",
          "netBorrowings": "-43000000",
          "totalCashFromFinancingActivities": "-3024000000",
          "changeToOperatingActivities": "45000000",
          "netIncome": "680000000",
          "changeInCash": "-578000000",
          "totalCashFromOperatingActivities": "3845000000",
          "depreciation": "1213000000",
          "otherCashflowsFromInvestingActivities": "872000000",
          "dividendsPaid": "-1841000000",
          "changeToInventory": "-176000000",
          "changeToAccountReceivables": "-12000000",
          "salePurchaseOfStock": "38000000",
          "otherCashflowsFromFinancingActivities": "-175000000",
          "changeToNetincome": "-76000000",
          "capitalExpenditures": "1026000000"
        },
        "2012-03-31": {
          "date": "2012-03-31",
          "totalCashFromFinancingActivities": "2131000000",
          "netIncome": "685000000",
          "otherCashflowsFromFinancingActivities": "7000000",
          "capitalExpenditures": "236000000"
        },
        "2011-12-31": {
          "date": "2011-12-31",
          "changeToLiabilities": "213000000",
          "netIncome": "830000000",
          "totalCashFromOperatingActivities": "3612000000",
          "dividendsPaid": "-1569000000",
          "capitalExpenditures": "1021000000"
        },
        "2009-06-30": {
          "date": "2009-06-30",
          "netIncome": "675000000",
          "totalCashFromOperatingActivities": "963000000",
          "otherCashflowsFromInvestingActivities": "7000000",
          "changeToAccountReceivables": "35000000",
          "capitalExpenditures": "409000000"
        },
        "2006-03-31": {
          "date": "2006-03-31",
          "changeToLiabilities": "135000000",
          "totalCashFromFinancingActivities": "25000000",
          "netIncome": "204000000",
          "totalCashFromOperatingActivities": "39000000",
          "otherCashflowsFromInvestingActivities": "13000000",
          "otherCashflowsFromFinancingActivities": "23000000",
          "capitalExpenditures": "89000000"
        },
        "2018-09-30": {
          "date": "2018-09-30",
          "investments": "-164000000",
          "changeToLiabilities": "-56000000",
          "totalCashflowsFromInvestingActivities": "-314000000",
          "netBorrowings": "-910000000",
          "totalCashFromFinancingActivities": "-880000000",
          "changeToOperatingActivities": "277000000",
          "netIncome": "603000000",
          "changeInCash": "-679000000",
          "totalCashFromOperatingActivities": "565000000",
          "depreciation": "303000000",
          "otherCashflowsFromInvestingActivities": "-24000000",
          "dividendsPaid": "-1675000000",
          "changeToInventory": "-176000000",
          "changeToAccountReceivables": "-260000000",
          "otherCashflowsFromFinancingActivities": "30000000",
          "changeToNetincome": "-117000000",
          "capitalExpenditures": "239000000"
        },
        "2004-12-31": {
          "date": "2004-12-31",
          "totalCashflowsFromInvestingActivities": "354000000",
          "totalCashFromOperatingActivities": "1270000000",
          "otherCashflowsFromInvestingActivities": "1182000000",
          "capitalExpenditures": "543000000"
        },
        "2001-12-31": {
          "date": "2001-12-31",
          "changeToLiabilities": "736000000",
          "totalCashFromFinancingActivities": "677000000",
          "totalCashFromOperatingActivities": "1983000000",
          "otherCashflowsFromInvestingActivities": "283000000",
          "dividendsPaid": "-502000000",
          "changeToAccountReceivables": "65000000",
          "capitalExpenditures": "761000000"
        },
        "2005-12-31": {
          "date": "2005-12-31",
          "changeToLiabilities": "26000000",
          "netIncome": "222000000",
          "totalCashFromOperatingActivities": "1021000000",
          "capitalExpenditures": "456000000"
        },
        "2011-06-30": {
          "date": "2011-06-30",
          "changeToLiabilities": "257000000",
          "netIncome": "893000000",
          "totalCashFromOperatingActivities": "1127000000",
          "otherCashflowsFromInvestingActivities": "3000000",
          "dividendsPaid": "-1569000000",
          "capitalExpenditures": "343000000"
        },
        "2002-09-30": {
          "date": "2002-09-30",
          "totalCashflowsFromInvestingActivities": "516000000",
          "otherCashflowsFromInvestingActivities": "257000000",
          "changeToAccountReceivables": "374000000",
          "capitalExpenditures": "444000000"
        },
        "2002-06-30": {
          "date": "2002-06-30",
          "changeToLiabilities": "78000000",
          "totalCashflowsFromInvestingActivities": "426000000",
          "netIncome": "38000000",
          "otherCashflowsFromInvestingActivities": "229000000",
          "changeToAccountReceivables": "213000000",
          "capitalExpenditures": "297000000"
        },
        "2013-12-31": {
          "date": "2013-12-31",
          "filing_date": "0000-00-00",
          "investments": "976000000",
          "changeToLiabilities": "-383000000",
          "totalCashflowsFromInvestingActivities": "-717000000",
          "netBorrowings": "-2098000000",
          "totalCashFromFinancingActivities": "-3856000000",
          "changeToOperatingActivities": "153000000",
          "netIncome": "525000000",
          "changeInCash": "-854000000",
          "totalCashFromOperatingActivities": "3653000000",
          "depreciation": "1203000000",
          "otherCashflowsFromInvestingActivities": "185000000",
          "dividendsPaid": "-1667000000",
          "changeToInventory": "324000000",
          "changeToAccountReceivables": "-555000000",
          "salePurchaseOfStock": "74000000",
          "otherCashflowsFromFinancingActivities": "-165000000",
          "changeToNetincome": "27000000",
          "capitalExpenditures": "1106000000"
        },
        "2008-12-31": {
          "date": "2008-12-31",
          "changeToLiabilities": "522000000",
          "totalCashflowsFromInvestingActivities": "114000000",
          "netIncome": "213000000",
          "totalCashFromOperatingActivities": "3984000000",
          "otherCashflowsFromInvestingActivities": "46000000",
          "dividendsPaid": "-1060000000",
          "capitalExpenditures": "1171000000"
        },
        "2007-09-30": {
          "date": "2007-09-30",
          "changeToLiabilities": "553000000",
          "netIncome": "738000000",
          "totalCashFromOperatingActivities": "1570000000",
          "otherCashflowsFromInvestingActivities": "409000000",
          "dividendsPaid": "-449000000",
          "capitalExpenditures": "468000000"
        },
        "2005-06-30": {
          "date": "2005-06-30",
          "changeToLiabilities": "85000000",
          "totalCashflowsFromInvestingActivities": "14000000",
          "netIncome": "126000000",
          "capitalExpenditures": "180000000"
        },
        "2017-06-30": {
          "date": "2017-06-30",
          "filing_date": "0000-00-00",
          "investments": "356000000",
          "changeToLiabilities": "96000000",
          "totalCashflowsFromInvestingActivities": "1439000000",
          "netBorrowings": "672000000",
          "totalCashFromFinancingActivities": "-1327000000",
          "changeToOperatingActivities": "-476000000",
          "netIncome": "525000000",
          "changeInCash": "-544000000",
          "totalCashFromOperatingActivities": "976000000",
          "depreciation": "258000000",
          "otherCashflowsFromInvestingActivities": "710000000",
          "dividendsPaid": "-1635000000",
          "changeToInventory": "10000000",
          "changeToAccountReceivables": "-187000000",
          "salePurchaseOfStock": "3000000",
          "otherCashflowsFromFinancingActivities": "-116000000",
          "changeToNetincome": "140000000",
          "capitalExpenditures": "417000000"
        },
        "2012-06-30": {
          "date": "2012-06-30",
          "totalCashFromFinancingActivities": "3039000000",
          "netIncome": "656000000",
          "totalCashFromOperatingActivities": "573000000",
          "dividendsPaid": "-1626000000",
          "capitalExpenditures": "536000000"
        },
        "2009-09-30": {
          "date": "2009-09-30",
          "netIncome": "1034000000",
          "totalCashFromOperatingActivities": "2244000000",
          "otherCashflowsFromInvestingActivities": "12000000",
          "dividendsPaid": "-1027000000",
          "changeToInventory": "398000000",
          "changeToAccountReceivables": "172000000",
          "capitalExpenditures": "624000000"
        },
        "2008-03-31": {
          "date": "2008-03-31",
          "changeToLiabilities": "29000000",
          "totalCashflowsFromInvestingActivities": "1434000000",
          "netIncome": "1003000000",
          "totalCashFromOperatingActivities": "490000000",
          "otherCashflowsFromInvestingActivities": "24000000",
          "otherCashflowsFromFinancingActivities": "9000000",
          "capitalExpenditures": "204000000"
        },
        "2007-03-31": {
          "date": "2007-03-31",
          "changeToLiabilities": "143000000",
          "totalCashFromFinancingActivities": "14000000",
          "netIncome": "537000000",
          "totalCashFromOperatingActivities": "294000000",
          "otherCashflowsFromInvestingActivities": "115000000",
          "changeToAccountReceivables": "106000000",
          "capitalExpenditures": "124000000"
        },
        "2004-09-30": {
          "date": "2004-09-30",
          "totalCashflowsFromInvestingActivities": "643000000",
          "netIncome": "98000000",
          "totalCashFromOperatingActivities": "389000000",
          "otherCashflowsFromInvestingActivities": "1128000000",
          "capitalExpenditures": "344000000"
        },
        "2014-09-30": {
          "date": "2014-09-30",
          "changeToLiabilities": "196000000",
          "netIncome": "734000000",
          "totalCashFromOperatingActivities": "2012000000",
          "otherCashflowsFromInvestingActivities": "1000000000",
          "dividendsPaid": "-1841000000",
          "capitalExpenditures": "642000000"
        },
        "2014-06-30": {
          "date": "2014-06-30",
          "netIncome": "636000000",
          "totalCashFromOperatingActivities": "843000000",
          "otherCashflowsFromInvestingActivities": "460000000",
          "dividendsPaid": "-1841000000",
          "capitalExpenditures": "420000000"
        },
        "2015-09-30": {
          "date": "2015-09-30",
          "netIncome": "577000000",
          "totalCashFromOperatingActivities": "1824000000",
          "otherCashflowsFromInvestingActivities": "248000000",
          "dividendsPaid": "-1357000000",
          "capitalExpenditures": "547000000"
        },
        "2011-09-30": {
          "date": "2011-09-30",
          "changeToLiabilities": "74000000",
          "netIncome": "790000000",
          "totalCashFromOperatingActivities": "1938000000",
          "otherCashflowsFromInvestingActivities": "4000000",
          "dividendsPaid": "-1569000000",
          "capitalExpenditures": "576000000"
        },
        "2007-06-30": {
          "date": "2007-06-30",
          "changeToLiabilities": "376000000",
          "totalCashflowsFromInvestingActivities": "98000000",
          "netIncome": "729000000",
          "totalCashFromOperatingActivities": "687000000",
          "otherCashflowsFromInvestingActivities": "352000000",
          "dividendsPaid": "-449000000",
          "capitalExpenditures": "284000000"
        },
        "2005-03-31": {
          "date": "2005-03-31",
          "netIncome": "199000000",
          "otherCashflowsFromInvestingActivities": "2000000",
          "otherCashflowsFromFinancingActivities": "6000000",
          "capitalExpenditures": "79000000"
        },
        "2018-12-31": {
          "date": "2018-12-31",
          "investments": "186000000",
          "changeToLiabilities": "306000000",
          "totalCashflowsFromInvestingActivities": "-84000000",
          "netBorrowings": "-837000000",
          "totalCashFromFinancingActivities": "-916000000",
          "changeToOperatingActivities": "487000000",
          "netIncome": "317000000",
          "changeInCash": "841000000",
          "totalCashFromOperatingActivities": "1867000000",
          "depreciation": "244000000",
          "otherCashflowsFromInvestingActivities": "-39000000",
          "dividendsPaid": "-1675000000",
          "changeToInventory": "125000000",
          "changeToAccountReceivables": "192000000",
          "otherCashflowsFromFinancingActivities": "-79000000",
          "changeToNetincome": "202000000",
          "capitalExpenditures": "235000000"
        },
        "2012-09-30": {
          "date": "2012-09-30",
          "totalCashFromFinancingActivities": "2760000000",
          "netIncome": "759000000",
          "totalCashFromOperatingActivities": "1341000000",
          "dividendsPaid": "-1626000000",
          "capitalExpenditures": "838000000"
        },
        "2009-12-31": {
          "date": "2009-12-31",
          "netIncome": "540000000",
          "totalCashFromOperatingActivities": "4027000000",
          "dividendsPaid": "-1027000000",
          "changeToInventory": "1130000000",
          "changeToAccountReceivables": "256000000",
          "capitalExpenditures": "967000000"
        },
        "2000-12-31": {
          "date": "2000-12-31",
          "changeToLiabilities": "266000000",
          "netIncome": "219000000",
          "totalCashFromOperatingActivities": "1971000000",
          "otherCashflowsFromInvestingActivities": "275000000",
          "dividendsPaid": "-531000000",
          "changeToAccountReceivables": "77000000",
          "capitalExpenditures": "553000000"
        },
        "2012-12-31": {
          "date": "2012-12-31",
          "totalCashFromFinancingActivities": "3762000000",
          "netIncome": "604000000",
          "totalCashFromOperatingActivities": "3779000000",
          "dividendsPaid": "-1626000000",
          "changeToInventory": "61000000",
          "capitalExpenditures": "1293000000"
        },
        "2007-12-31": {
          "date": "2007-12-31",
          "changeToLiabilities": "530000000",
          "netIncome": "1753000000",
          "totalCashFromOperatingActivities": "3093000000",
          "otherCashflowsFromInvestingActivities": "1142000000",
          "dividendsPaid": "-449000000",
          "capitalExpenditures": "756000000"
        },
        "2006-12-31": {
          "date": "2006-12-31",
          "changeToLiabilities": "388000000",
          "netIncome": "422000000",
          "totalCashFromOperatingActivities": "1943000000",
          "otherCashflowsFromInvestingActivities": "27000000",
          "dividendsPaid": "-203000000",
          "otherCashflowsFromFinancingActivities": "11000000",
          "capitalExpenditures": "536000000"
        },
        "2005-09-30": {
          "date": "2005-09-30",
          "changeToLiabilities": "60000000",
          "netIncome": "188000000",
          "totalCashFromOperatingActivities": "356000000",
          "capitalExpenditures": "313000000"
        },
        "2003-06-30": {
          "date": "2003-06-30",
          "totalCashflowsFromInvestingActivities": "322000000",
          "totalCashFromFinancingActivities": "146000000",
          "otherCashflowsFromInvestingActivities": "257000000",
          "otherCashflowsFromFinancingActivities": "42000000",
          "capitalExpenditures": "230000000"
        },
        "2002-12-31": {
          "date": "2002-12-31",
          "changeToLiabilities": "79000000",
          "totalCashflowsFromInvestingActivities": "2651000000",
          "totalCashFromOperatingActivities": "56000000",
          "otherCashflowsFromInvestingActivities": "2509000000",
          "changeToInventory": "367000000",
          "changeToAccountReceivables": "627000000",
          "otherCashflowsFromFinancingActivities": "3000000",
          "capitalExpenditures": "602000000"
        },
        "2019-06-30": {
          "date": "2019-06-30",
          "investments": "50000000",
          "changeToLiabilities": "112000000",
          "totalCashflowsFromInvestingActivities": "-172000000",
          "netBorrowings": "1736000000",
          "totalCashFromFinancingActivities": "-30000000",
          "changeToOperatingActivities": "-503000000",
          "netIncome": "64000000",
          "changeInCash": "-222000000",
          "depreciation": "249000000",
          "otherCashflowsFromInvestingActivities": "-94000000",
          "dividendsPaid": "-1675000000",
          "changeToInventory": "-73000000",
          "changeToAccountReceivables": "-180000000",
          "otherCashflowsFromFinancingActivities": "-91000000",
          "changeToNetincome": "372000000",
          "capitalExpenditures": "169000000"
        }
      },
      "yearly": {
        "2017-12-31": {
          "date": "2017-12-31",
          "filing_date": "0000-00-00",
          "investments": "877000000",
          "changeToLiabilities": "474000000",
          "totalCashflowsFromInvestingActivities": "-1450000000",
          "netBorrowings": "124000000",
          "totalCashFromFinancingActivities": "-1735000000",
          "changeToOperatingActivities": "201000000",
          "netIncome": "2213000000",
          "changeInCash": "882000000",
          "totalCashFromOperatingActivities": "3799000000",
          "depreciation": "786000000",
          "otherCashflowsFromInvestingActivities": "-232000000",
          "dividendsPaid": "-1635000000",
          "changeToInventory": "-66000000",
          "changeToAccountReceivables": "-172000000",
          "salePurchaseOfStock": "163000000",
          "otherCashflowsFromFinancingActivities": "-136000000",
          "changeToNetincome": "111000000",
          "capitalExpenditures": "752000000"
        },
        "2015-12-31": {
          "date": "2015-12-31",
          "filing_date": "0000-00-00",
          "investments": "-430000000",
          "changeToLiabilities": "29000000",
          "totalCashflowsFromInvestingActivities": "-974000000",
          "netBorrowings": "-30000000",
          "totalCashFromFinancingActivities": "-3380000000",
          "changeToOperatingActivities": "394000000",
          "netIncome": "1933000000",
          "changeInCash": "-878000000",
          "totalCashFromOperatingActivities": "3818000000",
          "depreciation": "1079000000",
          "otherCashflowsFromInvestingActivities": "251000000",
          "dividendsPaid": "-1357000000",
          "changeToInventory": "105000000",
          "changeToAccountReceivables": "162000000",
          "salePurchaseOfStock": "107000000",
          "otherCashflowsFromFinancingActivities": "-221000000",
          "changeToNetincome": "67000000",
          "capitalExpenditures": "876000000"
        },
        "2007-12-31": {
          "date": "2007-12-31",
          "changeToLiabilities": "530000000",
          "netIncome": "3757000000",
          "totalCashFromOperatingActivities": "3093000000",
          "otherCashflowsFromInvestingActivities": "1142000000",
          "dividendsPaid": "-449000000",
          "capitalExpenditures": "756000000"
        },
        "2004-12-31": {
          "date": "2004-12-31",
          "totalCashflowsFromInvestingActivities": "354000000",
          "totalCashFromOperatingActivities": "1270000000",
          "otherCashflowsFromInvestingActivities": "1182000000",
          "capitalExpenditures": "543000000"
        },
        "2018-12-31": {
          "date": "2018-12-31",
          "investments": "405000000",
          "changeToLiabilities": "454000000",
          "totalCashflowsFromInvestingActivities": "-3085000000",
          "netBorrowings": "1305000000",
          "totalCashFromFinancingActivities": "-789000000",
          "changeToOperatingActivities": "196000000",
          "netIncome": "2173000000",
          "changeInCash": "-1081000000",
          "totalCashFromOperatingActivities": "2924000000",
          "depreciation": "857000000",
          "otherCashflowsFromInvestingActivities": "-239000000",
          "dividendsPaid": "-1717000000",
          "changeToInventory": "-336000000",
          "changeToAccountReceivables": "-162000000",
          "otherCashflowsFromFinancingActivities": "-169000000",
          "changeToNetincome": "-215000000",
          "capitalExpenditures": "772000000"
        },
        "2014-12-31": {
          "date": "2014-12-31",
          "filing_date": "0000-00-00",
          "investments": "-1000000000",
          "changeToLiabilities": "266000000",
          "totalCashflowsFromInvestingActivities": "-1121000000",
          "netBorrowings": "-43000000",
          "totalCashFromFinancingActivities": "-3024000000",
          "changeToOperatingActivities": "45000000",
          "netIncome": "2594000000",
          "changeInCash": "-578000000",
          "totalCashFromOperatingActivities": "3845000000",
          "depreciation": "1213000000",
          "otherCashflowsFromInvestingActivities": "872000000",
          "dividendsPaid": "-1841000000",
          "changeToInventory": "-176000000",
          "changeToAccountReceivables": "-12000000",
          "salePurchaseOfStock": "38000000",
          "otherCashflowsFromFinancingActivities": "-175000000",
          "changeToNetincome": "-76000000",
          "capitalExpenditures": "1026000000"
        },
        "2013-12-31": {
          "date": "2013-12-31",
          "filing_date": "0000-00-00",
          "investments": "976000000",
          "changeToLiabilities": "-383000000",
          "totalCashflowsFromInvestingActivities": "-717000000",
          "netBorrowings": "-2098000000",
          "totalCashFromFinancingActivities": "-3856000000",
          "changeToOperatingActivities": "153000000",
          "netIncome": "2787000000",
          "changeInCash": "-854000000",
          "totalCashFromOperatingActivities": "3653000000",
          "depreciation": "1203000000",
          "otherCashflowsFromInvestingActivities": "185000000",
          "dividendsPaid": "-1667000000",
          "changeToInventory": "324000000",
          "changeToAccountReceivables": "-555000000",
          "salePurchaseOfStock": "74000000",
          "otherCashflowsFromFinancingActivities": "-165000000",
          "changeToNetincome": "27000000",
          "capitalExpenditures": "1106000000"
        },
        "2012-12-31": {
          "date": "2012-12-31",
          "totalCashFromFinancingActivities": "3762000000",
          "netIncome": "2704000000",
          "totalCashFromOperatingActivities": "3779000000",
          "dividendsPaid": "-1626000000",
          "changeToInventory": "61000000",
          "capitalExpenditures": "1293000000"
        },
        "2009-12-31": {
          "date": "2009-12-31",
          "netIncome": "2901000000",
          "totalCashFromOperatingActivities": "4027000000",
          "dividendsPaid": "-1027000000",
          "changeToInventory": "1130000000",
          "changeToAccountReceivables": "256000000",
          "capitalExpenditures": "967000000"
        },
        "2008-12-31": {
          "date": "2008-12-31",
          "changeToLiabilities": "522000000",
          "totalCashflowsFromInvestingActivities": "114000000",
          "netIncome": "3118000000",
          "totalCashFromOperatingActivities": "3984000000",
          "otherCashflowsFromInvestingActivities": "46000000",
          "dividendsPaid": "-1060000000",
          "capitalExpenditures": "1171000000"
        },
        "2011-12-31": {
          "date": "2011-12-31",
          "changeToLiabilities": "213000000",
          "netIncome": "3168000000",
          "totalCashFromOperatingActivities": "3612000000",
          "dividendsPaid": "-1569000000",
          "capitalExpenditures": "1021000000"
        },
        "2010-12-31": {
          "date": "2010-12-31",
          "changeToLiabilities": "678000000",
          "netIncome": "2561000000",
          "totalCashFromOperatingActivities": "4197000000",
          "dividendsPaid": "-1112000000",
          "capitalExpenditures": "840000000"
        },
        "2003-12-31": {
          "date": "2003-12-31",
          "totalCashflowsFromInvestingActivities": "754000000",
          "totalCashFromFinancingActivities": "1603000000",
          "otherCashflowsFromInvestingActivities": "543000000",
          "changeToInventory": "238000000",
          "changeToAccountReceivables": "85000000",
          "capitalExpenditures": "547000000"
        },
        "2001-12-31": {
          "date": "2001-12-31",
          "changeToLiabilities": "736000000",
          "totalCashFromFinancingActivities": "677000000",
          "totalCashFromOperatingActivities": "1983000000",
          "otherCashflowsFromInvestingActivities": "283000000",
          "dividendsPaid": "-502000000",
          "changeToAccountReceivables": "65000000",
          "capitalExpenditures": "761000000"
        },
        "2000-12-31": {
          "date": "2000-12-31",
          "changeToLiabilities": "266000000",
          "netIncome": "1443000000",
          "totalCashFromOperatingActivities": "1971000000",
          "otherCashflowsFromInvestingActivities": "275000000",
          "dividendsPaid": "-531000000",
          "changeToAccountReceivables": "77000000",
          "capitalExpenditures": "553000000"
        },
        "2016-12-31": {
          "date": "2016-12-31",
          "filing_date": "0000-00-00",
          "investments": "-465000000",
          "changeToLiabilities": "186000000",
          "totalCashflowsFromInvestingActivities": "-1305000000",
          "netBorrowings": "-475000000",
          "totalCashFromFinancingActivities": "-3355000000",
          "changeToOperatingActivities": "198000000",
          "netIncome": "1899000000",
          "changeInCash": "-921000000",
          "totalCashFromOperatingActivities": "3843000000",
          "depreciation": "820000000",
          "otherCashflowsFromInvestingActivities": "-240000000",
          "dividendsPaid": "-1635000000",
          "changeToInventory": "185000000",
          "changeToAccountReceivables": "-156000000",
          "salePurchaseOfStock": "192000000",
          "otherCashflowsFromFinancingActivities": "-163000000",
          "changeToNetincome": "546000000",
          "capitalExpenditures": "632000000"
        },
        "2006-12-31": {
          "date": "2006-12-31",
          "changeToLiabilities": "388000000",
          "netIncome": "1390000000",
          "totalCashFromOperatingActivities": "1943000000",
          "otherCashflowsFromInvestingActivities": "27000000",
          "dividendsPaid": "-203000000",
          "otherCashflowsFromFinancingActivities": "11000000",
          "capitalExpenditures": "536000000"
        },
        "2005-12-31": {
          "date": "2005-12-31",
          "changeToLiabilities": "26000000",
          "netIncome": "735000000",
          "totalCashFromOperatingActivities": "1021000000",
          "capitalExpenditures": "456000000"
        },
        "2002-12-31": {
          "date": "2002-12-31",
          "changeToLiabilities": "79000000",
          "totalCashflowsFromInvestingActivities": "2651000000",
          "totalCashFromOperatingActivities": "56000000",
          "otherCashflowsFromInvestingActivities": "2509000000",
          "changeToInventory": "367000000",
          "changeToAccountReceivables": "627000000",
          "otherCashflowsFromFinancingActivities": "3000000",
          "capitalExpenditures": "602000000"
        }
      }
    },
    "Income_Statement": {
      "currency_symbol": "USD",
      "quarterly": {
        "2015-06-30": {
          "date": "2015-06-30",
          "researchDevelopment": "346000000",
          "effectOfAccountingCharges": "0",
          "incomeBeforeTax": "892000000",
          "minorityInterest": "39000000",
          "netIncome": "588000000",
          "sellingGeneralAdministrative": "1724000000",
          "grossProfit": "0",
          "ebit": "0",
          "operatingIncome": "996000000",
          "otherOperatingExpenses": "0",
          "interestExpense": "88000000",
          "extraordinaryItems": "0",
          "nonRecurring": "0",
          "otherItems": "0",
          "incomeTaxExpense": "263000000",
          "totalRevenue": "9165000000",
          "totalOperatingExpenses": "0",
          "costOfRevenue": "6152000000",
          "totalOtherIncomeExpenseNet": "0",
          "discontinuedOperations": "0",
          "netIncomeFromContinuingOps": "0",
          "netIncomeApplicableToCommonShares": "590000000"
        },
        "2015-03-31": {
          "date": "2015-03-31",
          "researchDevelopment": "330000000",
          "effectOfAccountingCharges": "0",
          "incomeBeforeTax": "807000000",
          "minorityInterest": "17000000",
          "netIncome": "564000000",
          "sellingGeneralAdministrative": "1639000000",
          "grossProfit": "0",
          "ebit": "0",
          "operatingIncome": "862000000",
          "otherOperatingExpenses": "0",
          "interestExpense": "71000000",
          "extraordinaryItems": "0",
          "nonRecurring": "0",
          "otherItems": "0",
          "incomeTaxExpense": "230000000",
          "totalRevenue": "8555000000",
          "totalOperatingExpenses": "0",
          "costOfRevenue": "5759000000",
          "totalOtherIncomeExpenseNet": "0",
          "discontinuedOperations": "0",
          "netIncomeFromContinuingOps": "0",
          "netIncomeApplicableToCommonShares": "560000000"
        },
        "2011-03-31": {
          "date": "2011-03-31",
          "researchDevelopment": "306000000",
          "effectOfAccountingCharges": "0",
          "incomeBeforeTax": "980000000",
          "minorityInterest": "41000000",
          "netIncome": "655000000",
          "sellingGeneralAdministrative": "1569000000",
          "grossProfit": "0",
          "ebit": "0",
          "operatingIncome": "1004000000",
          "otherOperatingExpenses": "0",
          "interestExpense": "51000000",
          "extraordinaryItems": "0",
          "nonRecurring": "0",
          "otherItems": "0",
          "incomeTaxExpense": "284000000",
          "totalRevenue": "8402000000",
          "totalOperatingExpenses": "0",
          "costOfRevenue": "5598000000",
          "totalOtherIncomeExpenseNet": "0",
          "discontinuedOperations": "0",
          "netIncomeFromContinuingOps": "0",
          "netIncomeApplicableToCommonShares": "655000000"
        },
        "2004-09-30": {
          "date": "2004-09-30",
          "researchDevelopment": "0",
          "effectOfAccountingCharges": "0",
          "incomeBeforeTax": "224000000",
          "minorityInterest": "23000000",
          "netIncome": "98000000",
          "sellingGeneralAdministrative": "908000000",
          "grossProfit": "0",
          "ebit": "0",
          "operatingIncome": "257000000",
          "otherOperatingExpenses": "0",
          "interestExpense": "70000000",
          "extraordinaryItems": "0",
          "nonRecurring": "0",
          "otherItems": "0",
          "incomeTaxExpense": "106000000",
          "totalRevenue": "5005000000",
          "totalOperatingExpenses": "0",
          "costOfRevenue": "3698000000",
          "totalOtherIncomeExpenseNet": "0",
          "discontinuedOperations": "0",
          "netIncomeFromContinuingOps": "0",
          "netIncomeApplicableToCommonShares": "95000000"
        },
        "2011-06-30": {
          "date": "2011-06-30",
          "researchDevelopment": "334000000",
          "effectOfAccountingCharges": "0",
          "incomeBeforeTax": "1321000000",
          "minorityInterest": "32000000",
          "netIncome": "893000000",
          "sellingGeneralAdministrative": "1690000000",
          "grossProfit": "0",
          "ebit": "0",
          "operatingIncome": "1331000000",
          "otherOperatingExpenses": "0",
          "interestExpense": "41000000",
          "extraordinaryItems": "0",
          "nonRecurring": "0",
          "otherItems": "0",
          "incomeTaxExpense": "395000000",
          "totalRevenue": "9680000000",
          "totalOperatingExpenses": "0",
          "costOfRevenue": "6417000000",
          "totalOtherIncomeExpenseNet": "0",
          "discontinuedOperations": "0",
          "netIncomeFromContinuingOps": "0",
          "netIncomeApplicableToCommonShares": "894000000"
        },
        "2010-12-31": {
          "date": "2010-12-31",
          "researchDevelopment": "320000000",
          "effectOfAccountingCharges": "0",
          "incomeBeforeTax": "968000000",
          "minorityInterest": "53000000",
          "netIncome": "700000000",
          "sellingGeneralAdministrative": "1605000000",
          "grossProfit": "10341000000",
          "ebit": "0",
          "operatingIncome": "1085000000",
          "otherOperatingExpenses": "0",
          "interestExpense": "35000000",
          "extraordinaryItems": "0",
          "nonRecurring": "0",
          "otherItems": "0",
          "incomeTaxExpense": "228000000",
          "totalRevenue": "9179000000",
          "totalOperatingExpenses": "0",
          "costOfRevenue": "6294000000",
          "totalOtherIncomeExpenseNet": "0",
          "discontinuedOperations": "0",
          "netIncomeFromContinuingOps": "0",
          "netIncomeApplicableToCommonShares": "687000000"
        },
        "2008-12-31": {
          "date": "2008-12-31",
          "researchDevelopment": "1027000000",
          "effectOfAccountingCharges": "0",
          "incomeBeforeTax": "314000000",
          "minorityInterest": "76000000",
          "netIncome": "213000000",
          "sellingGeneralAdministrative": "1486000000",
          "grossProfit": "11574000000",
          "ebit": "0",
          "operatingIncome": "1138000000",
          "otherOperatingExpenses": "0",
          "interestExpense": "210000000",
          "extraordinaryItems": "0",
          "nonRecurring": "0",
          "otherItems": "0",
          "incomeTaxExpense": "5000000",
          "totalRevenue": "9140000000",
          "totalOperatingExpenses": "0",
          "costOfRevenue": "6338000000",
          "totalOtherIncomeExpenseNet": "0",
          "discontinuedOperations": "0",
          "netIncomeFromContinuingOps": "0",
          "netIncomeApplicableToCommonShares": "233000000"
        },
        "2002-09-30": {
          "date": "2002-09-30",
          "researchDevelopment": "0",
          "effectOfAccountingCharges": "0",
          "incomeBeforeTax": "51000000",
          "minorityInterest": "24000000",
          "netIncome": "-38000000",
          "sellingGeneralAdministrative": "949000000",
          "grossProfit": "0",
          "ebit": "0",
          "operatingIncome": "56000000",
          "otherOperatingExpenses": "0",
          "interestExpense": "0",
          "extraordinaryItems": "0",
          "nonRecurring": "0",
          "otherItems": "0",
          "incomeTaxExpense": "26000000",
          "totalRevenue": "3992000000",
          "totalOperatingExpenses": "0",
          "costOfRevenue": "2836000000",
          "totalOtherIncomeExpenseNet": "0",
          "discontinuedOperations": "0",
          "netIncomeFromContinuingOps": "0",
          "netIncomeApplicableToCommonShares": "1000000"
        },
        "2002-03-31": {
          "date": "2002-03-31",
          "researchDevelopment": "0",
          "effectOfAccountingCharges": "0",
          "incomeBeforeTax": "214000000",
          "minorityInterest": "14000000",
          "netIncome": "155000000",
          "sellingGeneralAdministrative": "907000000",
          "grossProfit": "0",
          "ebit": "0",
          "operatingIncome": "191000000",
          "otherOperatingExpenses": "0",
          "interestExpense": "0",
          "extraordinaryItems": "0",
          "nonRecurring": "0",
          "otherItems": "0",
          "incomeTaxExpense": "67000000",
          "totalRevenue": "3951000000",
          "totalOperatingExpenses": "0",
          "costOfRevenue": "2701000000",
          "totalOtherIncomeExpenseNet": "0",
          "discontinuedOperations": "0",
          "netIncomeFromContinuingOps": "0",
          "netIncomeApplicableToCommonShares": "133000000"
        },
        "2010-09-30": {
          "date": "2010-09-30",
          "researchDevelopment": "260000000",
          "effectOfAccountingCharges": "0",
          "incomeBeforeTax": "1125000000",
          "minorityInterest": "45000000",
          "netIncome": "774000000",
          "sellingGeneralAdministrative": "1356000000",
          "grossProfit": "0",
          "ebit": "0",
          "operatingIncome": "1150000000",
          "otherOperatingExpenses": "0",
          "interestExpense": "51000000",
          "extraordinaryItems": "0",
          "nonRecurring": "0",
          "otherItems": "0",
          "incomeTaxExpense": "304000000",
          "totalRevenue": "7903000000",
          "totalOperatingExpenses": "0",
          "costOfRevenue": "5216000000",
          "totalOtherIncomeExpenseNet": "0",
          "discontinuedOperations": "0",
          "netIncomeFromContinuingOps": "0",
          "netIncomeApplicableToCommonShares": "776000000"
        },
        "2010-06-30": {
          "date": "2010-06-30",
          "researchDevelopment": "502000000",
          "effectOfAccountingCharges": "0",
          "incomeBeforeTax": "956000000",
          "minorityInterest": "46000000",
          "netIncome": "623000000",
          "sellingGeneralAdministrative": "1326000000",
          "grossProfit": "0",
          "ebit": "0",
          "operatingIncome": "1028000000",
          "otherOperatingExpenses": "0",
          "interestExpense": "45000000",
          "extraordinaryItems": "0",
          "nonRecurring": "0",
          "otherItems": "0",
          "incomeTaxExpense": "285000000",
          "totalRevenue": "7573000000",
          "totalOperatingExpenses": "0",
          "costOfRevenue": "5062000000",
          "totalOtherIncomeExpenseNet": "0",
          "discontinuedOperations": "0",
          "netIncomeFromContinuingOps": "0",
          "netIncomeApplicableToCommonShares": "625000000"
        },
        "2007-09-30": {
          "date": "2007-09-30",
          "researchDevelopment": "0",
          "effectOfAccountingCharges": "0",
          "incomeBeforeTax": "1019000000",
          "minorityInterest": "58000000",
          "netIncome": "738000000",
          "sellingGeneralAdministrative": "1201000000",
          "grossProfit": "0",
          "ebit": "0",
          "operatingIncome": "1021000000",
          "otherOperatingExpenses": "0",
          "interestExpense": "108000000",
          "extraordinaryItems": "0",
          "nonRecurring": "0",
          "otherItems": "0",
          "incomeTaxExpense": "226000000",
          "totalRevenue": "7190000000",
          "totalOperatingExpenses": "0",
          "costOfRevenue": "4819000000",
          "totalOtherIncomeExpenseNet": "0",
          "discontinuedOperations": "0",
          "netIncomeFromContinuingOps": "0",
          "netIncomeApplicableToCommonShares": "735000000"
        },
        "2007-03-31": {
          "date": "2007-03-31",
          "researchDevelopment": "0",
          "effectOfAccountingCharges": "0",
          "incomeBeforeTax": "793000000",
          "minorityInterest": "39000000",
          "netIncome": "537000000",
          "sellingGeneralAdministrative": "1138000000",
          "grossProfit": "0",
          "ebit": "0",
          "operatingIncome": "777000000",
          "otherOperatingExpenses": "0",
          "interestExpense": "76000000",
          "extraordinaryItems": "0",
          "nonRecurring": "0",
          "otherItems": "0",
          "incomeTaxExpense": "223000000",
          "totalRevenue": "6188000000",
          "totalOperatingExpenses": "0",
          "costOfRevenue": "4126000000",
          "totalOtherIncomeExpenseNet": "0",
          "discontinuedOperations": "0",
          "netIncomeFromContinuingOps": "0",
          "netIncomeApplicableToCommonShares": "531000000"
        },
        "2000-06-30": {
          "date": "2000-06-30",
          "researchDevelopment": "0",
          "effectOfAccountingCharges": "0",
          "incomeBeforeTax": "498000000",
          "minorityInterest": "11000000",
          "netIncome": "1037000000",
          "sellingGeneralAdministrative": "1058000000",
          "grossProfit": "0",
          "ebit": "0",
          "operatingIncome": "337000000",
          "otherOperatingExpenses": "0",
          "interestExpense": "137000000",
          "extraordinaryItems": "0",
          "nonRecurring": "0",
          "otherItems": "0",
          "incomeTaxExpense": "149000000",
          "totalRevenue": "5809000000",
          "totalOperatingExpenses": "0",
          "costOfRevenue": "4236000000",
          "totalOtherIncomeExpenseNet": "0",
          "discontinuedOperations": "0",
          "netIncomeFromContinuingOps": "0",
          "netIncomeApplicableToCommonShares": "338000000"
        },
        "2011-09-30": {
          "date": "2011-09-30",
          "researchDevelopment": "332000000",
          "effectOfAccountingCharges": "0",
          "incomeBeforeTax": "1136000000",
          "minorityInterest": "30000000",
          "netIncome": "790000000",
          "sellingGeneralAdministrative": "1649000000",
          "grossProfit": "0",
          "ebit": "0",
          "operatingIncome": "1198000000",
          "otherOperatingExpenses": "0",
          "interestExpense": "80000000",
          "extraordinaryItems": "0",
          "nonRecurring": "0",
          "otherItems": "0",
          "incomeTaxExpense": "318000000",
          "totalRevenue": "9337000000",
          "totalOperatingExpenses": "0",
          "costOfRevenue": "6233000000",
          "totalOtherIncomeExpenseNet": "0",
          "discontinuedOperations": "0",
          "netIncomeFromContinuingOps": "0",
          "netIncomeApplicableToCommonShares": "788000000"
        },
        "2008-06-30": {
          "date": "2008-06-30",
          "researchDevelopment": "0",
          "effectOfAccountingCharges": "0",
          "incomeBeforeTax": "1490000000",
          "minorityInterest": "68000000",
          "netIncome": "975000000",
          "sellingGeneralAdministrative": "1526000000",
          "grossProfit": "0",
          "ebit": "0",
          "operatingIncome": "1426000000",
          "otherOperatingExpenses": "0",
          "interestExpense": "45000000",
          "extraordinaryItems": "0",
          "nonRecurring": "0",
          "otherItems": "0",
          "incomeTaxExpense": "430000000",
          "totalRevenue": "9025000000",
          "totalOperatingExpenses": "0",
          "costOfRevenue": "5906000000",
          "totalOtherIncomeExpenseNet": "0",
          "discontinuedOperations": "0",
          "netIncomeFromContinuingOps": "0",
          "netIncomeApplicableToCommonShares": "992000000"
        },
        "2006-06-30": {
          "date": "2006-06-30",
          "researchDevelopment": "0",
          "effectOfAccountingCharges": "0",
          "incomeBeforeTax": "570000000",
          "minorityInterest": "47000000",
          "netIncome": "367000000",
          "sellingGeneralAdministrative": "1064000000",
          "grossProfit": "0",
          "ebit": "0",
          "operatingIncome": "576000000",
          "otherOperatingExpenses": "0",
          "interestExpense": "112000000",
          "extraordinaryItems": "0",
          "nonRecurring": "0",
          "otherItems": "0",
          "incomeTaxExpense": "165000000",
          "totalRevenue": "5572000000",
          "totalOperatingExpenses": "0",
          "costOfRevenue": "3932000000",
          "totalOtherIncomeExpenseNet": "0",
          "discontinuedOperations": "0",
          "netIncomeFromContinuingOps": "0",
          "netIncomeApplicableToCommonShares": "358000000"
        },
        "2005-03-31": {
          "date": "2005-03-31",
          "researchDevelopment": "0",
          "effectOfAccountingCharges": "0",
          "incomeBeforeTax": "349000000",
          "minorityInterest": "20000000",
          "netIncome": "199000000",
          "sellingGeneralAdministrative": "962000000",
          "grossProfit": "0",
          "ebit": "0",
          "operatingIncome": "340000000",
          "otherOperatingExpenses": "0",
          "interestExpense": "77000000",
          "extraordinaryItems": "0",
          "nonRecurring": "0",
          "otherItems": "0",
          "incomeTaxExpense": "117000000",
          "totalRevenue": "5060000000",
          "totalOperatingExpenses": "0",
          "costOfRevenue": "3616000000",
          "totalOtherIncomeExpenseNet": "0",
          "discontinuedOperations": "0",
          "netIncomeFromContinuingOps": "0",
          "netIncomeApplicableToCommonShares": "212000000"
        },
        "2019-03-31": {
          "date": "2019-03-31",
          "researchDevelopment": "285000000",
          "incomeBeforeTax": "570000000",
          "minorityInterest": "607000000",
          "netIncome": "535000000",
          "sellingGeneralAdministrative": "1321000000",
          "grossProfit": "2248000000",
          "ebit": "681000000",
          "operatingIncome": "681000000",
          "otherOperatingExpenses": "-39000000",
          "interestExpense": "-42000000",
          "incomeTaxExpense": "155000000",
          "totalRevenue": "6847000000",
          "totalOperatingExpenses": "6166000000",
          "costOfRevenue": "4599000000",
          "totalOtherIncomeExpenseNet": "-111000000",
          "discontinuedOperations": "149000000",
          "netIncomeFromContinuingOps": "415000000",
          "netIncomeApplicableToCommonShares": "535000000"
        },
        "2017-09-30": {
          "date": "2017-09-30",
          "filing_date": "0000-00-00",
          "researchDevelopment": "358000000",
          "effectOfAccountingCharges": "0",
          "incomeBeforeTax": "854000000",
          "minorityInterest": "32000000",
          "netIncome": "571000000",
          "sellingGeneralAdministrative": "1760000000",
          "grossProfit": "1986000000",
          "ebit": "349000000",
          "operatingIncome": "896000000",
          "otherOperatingExpenses": "164000000",
          "interestExpense": "74000000",
          "extraordinaryItems": "0",
          "nonRecurring": "0",
          "otherItems": "0",
          "incomeTaxExpense": "246000000",
          "totalRevenue": "8724000000",
          "totalOperatingExpenses": "6575000000",
          "costOfRevenue": "5781000000",
          "totalOtherIncomeExpenseNet": "925000000",
          "discontinuedOperations": "-14000000",
          "netIncomeFromContinuingOps": "1148000000",
          "netIncomeApplicableToCommonShares": "576000000"
        },
        "2015-09-30": {
          "date": "2015-09-30",
          "researchDevelopment": "322000000",
          "effectOfAccountingCharges": "0",
          "incomeBeforeTax": "836000000",
          "minorityInterest": "30000000",
          "netIncome": "577000000",
          "sellingGeneralAdministrative": "1629000000",
          "grossProfit": "0",
          "ebit": "0",
          "operatingIncome": "889000000",
          "otherOperatingExpenses": "0",
          "interestExpense": "64000000",
          "extraordinaryItems": "0",
          "nonRecurring": "0",
          "otherItems": "0",
          "incomeTaxExpense": "229000000",
          "totalRevenue": "8519000000",
          "totalOperatingExpenses": "0",
          "costOfRevenue": "5717000000",
          "totalOtherIncomeExpenseNet": "0",
          "discontinuedOperations": "0",
          "netIncomeFromContinuingOps": "0",
          "netIncomeApplicableToCommonShares": "577000000"
        },
        "2011-12-31": {
          "date": "2011-12-31",
          "researchDevelopment": "399000000",
          "effectOfAccountingCharges": "0",
          "incomeBeforeTax": "1113000000",
          "minorityInterest": "44000000",
          "netIncome": "830000000",
          "sellingGeneralAdministrative": "1836000000",
          "grossProfit": "12429000000",
          "ebit": "0",
          "operatingIncome": "1157000000",
          "otherOperatingExpenses": "0",
          "interestExpense": "35000000",
          "extraordinaryItems": "0",
          "nonRecurring": "0",
          "otherItems": "0",
          "incomeTaxExpense": "247000000",
          "totalRevenue": "10571000000",
          "totalOperatingExpenses": "0",
          "costOfRevenue": "7313000000",
          "totalOtherIncomeExpenseNet": "0",
          "discontinuedOperations": "0",
          "netIncomeFromContinuingOps": "0",
          "netIncomeApplicableToCommonShares": "822000000"
        },
        "2009-12-31": {
          "date": "2009-12-31",
          "researchDevelopment": "1037000000",
          "effectOfAccountingCharges": "0",
          "incomeBeforeTax": "795000000",
          "minorityInterest": "76000000",
          "netIncome": "540000000",
          "sellingGeneralAdministrative": "1505000000",
          "grossProfit": "9980000000",
          "ebit": "0",
          "operatingIncome": "1153000000",
          "otherOperatingExpenses": "0",
          "interestExpense": "127000000",
          "extraordinaryItems": "0",
          "nonRecurring": "0",
          "otherItems": "0",
          "incomeTaxExpense": "170000000",
          "totalRevenue": "8761000000",
          "totalOperatingExpenses": "0",
          "costOfRevenue": "5915000000",
          "totalOtherIncomeExpenseNet": "0",
          "discontinuedOperations": "0",
          "netIncomeFromContinuingOps": "0",
          "netIncomeApplicableToCommonShares": "549000000"
        },
        "2007-12-31": {
          "date": "2007-12-31",
          "researchDevelopment": "871000000",
          "effectOfAccountingCharges": "0",
          "incomeBeforeTax": "1173000000",
          "minorityInterest": "87000000",
          "netIncome": "1753000000",
          "sellingGeneralAdministrative": "1444000000",
          "grossProfit": "9593000000",
          "ebit": "0",
          "operatingIncome": "1202000000",
          "otherOperatingExpenses": "0",
          "interestExpense": "62000000",
          "extraordinaryItems": "0",
          "nonRecurring": "0",
          "otherItems": "0",
          "incomeTaxExpense": "369000000",
          "totalRevenue": "8713000000",
          "totalOperatingExpenses": "0",
          "costOfRevenue": "5900000000",
          "totalOtherIncomeExpenseNet": "0",
          "discontinuedOperations": "0",
          "netIncomeFromContinuingOps": "0",
          "netIncomeApplicableToCommonShares": "1199000000"
        },
        "2006-03-31": {
          "date": "2006-03-31",
          "researchDevelopment": "0",
          "effectOfAccountingCharges": "0",
          "incomeBeforeTax": "451000000",
          "minorityInterest": "31000000",
          "netIncome": "204000000",
          "sellingGeneralAdministrative": "966000000",
          "grossProfit": "0",
          "ebit": "0",
          "operatingIncome": "475000000",
          "otherOperatingExpenses": "0",
          "interestExpense": "75000000",
          "extraordinaryItems": "0",
          "nonRecurring": "0",
          "otherItems": "0",
          "incomeTaxExpense": "153000000",
          "totalRevenue": "5139000000",
          "totalOperatingExpenses": "0",
          "costOfRevenue": "3698000000",
          "totalOtherIncomeExpenseNet": "0",
          "discontinuedOperations": "0",
          "netIncomeFromContinuingOps": "0",
          "netIncomeApplicableToCommonShares": "267000000"
        },
        "2001-06-30": {
          "date": "2001-06-30",
          "researchDevelopment": "0",
          "effectOfAccountingCharges": "0",
          "incomeBeforeTax": "179000000",
          "minorityInterest": "13000000",
          "netIncome": "128000000",
          "sellingGeneralAdministrative": "996000000",
          "grossProfit": "0",
          "ebit": "0",
          "operatingIncome": "229000000",
          "otherOperatingExpenses": "0",
          "interestExpense": "153000000",
          "extraordinaryItems": "0",
          "nonRecurring": "0",
          "otherItems": "0",
          "incomeTaxExpense": "52000000",
          "totalRevenue": "5374000000",
          "totalOperatingExpenses": "0",
          "costOfRevenue": "3955000000",
          "totalOtherIncomeExpenseNet": "0",
          "discontinuedOperations": "0",
          "netIncomeFromContinuingOps": "0",
          "netIncomeApplicableToCommonShares": "114000000"
        },
        "2012-06-30": {
          "date": "2012-06-30",
          "researchDevelopment": "370000000",
          "effectOfAccountingCharges": "0",
          "incomeBeforeTax": "933000000",
          "minorityInterest": "26000000",
          "netIncome": "656000000",
          "sellingGeneralAdministrative": "1835000000",
          "grossProfit": "0",
          "ebit": "0",
          "operatingIncome": "1007000000",
          "otherOperatingExpenses": "0",
          "interestExpense": "87000000",
          "extraordinaryItems": "0",
          "nonRecurring": "0",
          "otherItems": "0",
          "incomeTaxExpense": "256000000",
          "totalRevenue": "9663000000",
          "totalOperatingExpenses": "0",
          "costOfRevenue": "6540000000",
          "totalOtherIncomeExpenseNet": "0",
          "discontinuedOperations": "0",
          "netIncomeFromContinuingOps": "0",
          "netIncomeApplicableToCommonShares": "651000000"
        },
        "2018-12-31": {
          "date": "2018-12-31",
          "researchDevelopment": "326000000",
          "effectOfAccountingCharges": "0",
          "incomeBeforeTax": "226000000",
          "minorityInterest": "582000000",
          "netIncome": "317000000",
          "sellingGeneralAdministrative": "1396000000",
          "grossProfit": "2136000000",
          "ebit": "415000000",
          "operatingIncome": "415000000",
          "otherOperatingExpenses": "-1000000",
          "interestExpense": "-82000000",
          "extraordinaryItems": "0",
          "nonRecurring": "0",
          "otherItems": "0",
          "incomeTaxExpense": "16000000",
          "totalRevenue": "7395000000",
          "totalOperatingExpenses": "6980000000",
          "costOfRevenue": "5259000000",
          "totalOtherIncomeExpenseNet": "-189000000",
          "discontinuedOperations": "135000000",
          "netIncomeFromContinuingOps": "210000000",
          "netIncomeApplicableToCommonShares": "317000000"
        },
        "2018-06-30": {
          "date": "2018-06-30",
          "filing_date": "0000-00-00",
          "researchDevelopment": "346000000",
          "effectOfAccountingCharges": "0",
          "incomeBeforeTax": "973000000",
          "minorityInterest": "553000000",
          "netIncome": "681000000",
          "sellingGeneralAdministrative": "1404000000",
          "grossProfit": "2729000000",
          "ebit": "999000000",
          "operatingIncome": "999000000",
          "otherOperatingExpenses": "-20000000",
          "interestExpense": "-62000000",
          "extraordinaryItems": "0",
          "nonRecurring": "0",
          "otherItems": "0",
          "incomeTaxExpense": "264000000",
          "totalRevenue": "8889000000",
          "totalOperatingExpenses": "7890000000",
          "costOfRevenue": "6160000000",
          "totalOtherIncomeExpenseNet": "-26000000",
          "discontinuedOperations": "8000000",
          "netIncomeFromContinuingOps": "709000000",
          "netIncomeApplicableToCommonShares": "681000000"
        },
        "2009-06-30": {
          "date": "2009-06-30",
          "researchDevelopment": "0",
          "effectOfAccountingCharges": "0",
          "incomeBeforeTax": "1022000000",
          "minorityInterest": "64000000",
          "netIncome": "675000000",
          "sellingGeneralAdministrative": "1345000000",
          "grossProfit": "0",
          "ebit": "0",
          "operatingIncome": "1163000000",
          "otherOperatingExpenses": "0",
          "interestExpense": "0",
          "extraordinaryItems": "0",
          "nonRecurring": "0",
          "otherItems": "0",
          "incomeTaxExpense": "294000000",
          "totalRevenue": "7915000000",
          "totalOperatingExpenses": "0",
          "costOfRevenue": "5257000000",
          "totalOtherIncomeExpenseNet": "0",
          "discontinuedOperations": "0",
          "netIncomeFromContinuingOps": "0",
          "netIncomeApplicableToCommonShares": "664000000"
        },
        "2003-12-31": {
          "date": "2003-12-31",
          "researchDevelopment": "613000000",
          "effectOfAccountingCharges": "0",
          "incomeBeforeTax": "123000000",
          "minorityInterest": "10000000",
          "netIncome": "0",
          "sellingGeneralAdministrative": "990000000",
          "grossProfit": "5245000000",
          "ebit": "0",
          "operatingIncome": "30000000",
          "otherOperatingExpenses": "0",
          "interestExpense": "129000000",
          "extraordinaryItems": "0",
          "nonRecurring": "0",
          "otherItems": "0",
          "incomeTaxExpense": "197000000",
          "totalRevenue": "6722000000",
          "totalOperatingExpenses": "0",
          "costOfRevenue": "5552000000",
          "totalOtherIncomeExpenseNet": "0",
          "discontinuedOperations": "0",
          "netIncomeFromContinuingOps": "0",
          "netIncomeApplicableToCommonShares": "32000000"
        },
        "2002-06-30": {
          "date": "2002-06-30",
          "researchDevelopment": "0",
          "effectOfAccountingCharges": "0",
          "incomeBeforeTax": "74000000",
          "minorityInterest": "13000000",
          "netIncome": "38000000",
          "sellingGeneralAdministrative": "1084000000",
          "grossProfit": "0",
          "ebit": "0",
          "operatingIncome": "98000000",
          "otherOperatingExpenses": "0",
          "interestExpense": "0",
          "extraordinaryItems": "0",
          "nonRecurring": "0",
          "otherItems": "0",
          "incomeTaxExpense": "21000000",
          "totalRevenue": "4515000000",
          "totalOperatingExpenses": "0",
          "costOfRevenue": "3194000000",
          "totalOtherIncomeExpenseNet": "0",
          "discontinuedOperations": "0",
          "netIncomeFromContinuingOps": "0",
          "netIncomeApplicableToCommonShares": "40000000"
        },
        "2001-12-31": {
          "date": "2001-12-31",
          "researchDevelopment": "593000000",
          "effectOfAccountingCharges": "0",
          "incomeBeforeTax": "45000000",
          "minorityInterest": "21000000",
          "netIncome": "0",
          "sellingGeneralAdministrative": "1154000000",
          "grossProfit": "5569000000",
          "ebit": "0",
          "operatingIncome": "351000000",
          "otherOperatingExpenses": "0",
          "interestExpense": "158000000",
          "extraordinaryItems": "0",
          "nonRecurring": "0",
          "otherItems": "0",
          "incomeTaxExpense": "105000000",
          "totalRevenue": "5530000000",
          "totalOperatingExpenses": "0",
          "costOfRevenue": "4404000000",
          "totalOtherIncomeExpenseNet": "0",
          "discontinuedOperations": "0",
          "netIncomeFromContinuingOps": "0",
          "netIncomeApplicableToCommonShares": "0"
        },
        "2016-12-31": {
          "date": "2016-12-31",
          "filing_date": "0000-00-00",
          "researchDevelopment": "349000000",
          "effectOfAccountingCharges": "0",
          "incomeBeforeTax": "666000000",
          "minorityInterest": "49000000",
          "netIncome": "425000000",
          "sellingGeneralAdministrative": "1743000000",
          "grossProfit": "5220000000",
          "ebit": "1328000000",
          "operatingIncome": "772000000",
          "otherOperatingExpenses": "-124000000",
          "interestExpense": "31000000",
          "extraordinaryItems": "0",
          "nonRecurring": "0",
          "otherItems": "0",
          "incomeTaxExpense": "194000000",
          "totalRevenue": "8993000000",
          "totalOperatingExpenses": "15346000000",
          "costOfRevenue": "6196000000",
          "totalOtherIncomeExpenseNet": "-406000000",
          "discontinuedOperations": "783000000",
          "netIncomeFromContinuingOps": "1235000000",
          "netIncomeApplicableToCommonShares": "423000000"
        },
        "2016-06-30": {
          "date": "2016-06-30",
          "filing_date": "0000-00-00",
          "researchDevelopment": "343000000",
          "effectOfAccountingCharges": "0",
          "incomeBeforeTax": "593000000",
          "minorityInterest": "37000000",
          "netIncome": "406000000",
          "sellingGeneralAdministrative": "1748000000",
          "grossProfit": "2575000000",
          "ebit": "917000000",
          "operatingIncome": "667000000",
          "otherOperatingExpenses": "0",
          "interestExpense": "74000000",
          "extraordinaryItems": "0",
          "nonRecurring": "0",
          "otherItems": "0",
          "incomeTaxExpense": "149000000",
          "totalRevenue": "8677000000",
          "totalOperatingExpenses": "7760000000",
          "costOfRevenue": "5975000000",
          "totalOtherIncomeExpenseNet": "0",
          "discontinuedOperations": "-1000000",
          "netIncomeFromContinuingOps": "0",
          "netIncomeApplicableToCommonShares": "407000000"
        },
        "2013-09-30": {
          "date": "2013-09-30",
          "researchDevelopment": "351000000",
          "effectOfAccountingCharges": "0",
          "incomeBeforeTax": "1217000000",
          "minorityInterest": "43000000",
          "netIncome": "835000000",
          "sellingGeneralAdministrative": "1827000000",
          "grossProfit": "0",
          "ebit": "0",
          "operatingIncome": "1347000000",
          "otherOperatingExpenses": "0",
          "interestExpense": "122000000",
          "extraordinaryItems": "0",
          "nonRecurring": "0",
          "otherItems": "0",
          "incomeTaxExpense": "336000000",
          "totalRevenue": "10535000000",
          "totalOperatingExpenses": "0",
          "costOfRevenue": "7034000000",
          "totalOtherIncomeExpenseNet": "0",
          "discontinuedOperations": "0",
          "netIncomeFromContinuingOps": "0",
          "netIncomeApplicableToCommonShares": "838000000"
        },
        "2009-03-31": {
          "date": "2009-03-31",
          "researchDevelopment": "0",
          "effectOfAccountingCharges": "0",
          "incomeBeforeTax": "922000000",
          "minorityInterest": "41000000",
          "netIncome": "652000000",
          "sellingGeneralAdministrative": "1277000000",
          "grossProfit": "0",
          "ebit": "0",
          "operatingIncome": "846000000",
          "otherOperatingExpenses": "0",
          "interestExpense": "0",
          "extraordinaryItems": "0",
          "nonRecurring": "0",
          "otherItems": "0",
          "incomeTaxExpense": "240000000",
          "totalRevenue": "7209000000",
          "totalOperatingExpenses": "0",
          "costOfRevenue": "4938000000",
          "totalOtherIncomeExpenseNet": "0",
          "discontinuedOperations": "0",
          "netIncomeFromContinuingOps": "0",
          "netIncomeApplicableToCommonShares": "641000000"
        },
        "2005-06-30": {
          "date": "2005-06-30",
          "researchDevelopment": "0",
          "effectOfAccountingCharges": "0",
          "incomeBeforeTax": "285000000",
          "minorityInterest": "28000000",
          "netIncome": "126000000",
          "sellingGeneralAdministrative": "1012000000",
          "grossProfit": "0",
          "ebit": "0",
          "operatingIncome": "451000000",
          "otherOperatingExpenses": "0",
          "interestExpense": "141000000",
          "extraordinaryItems": "0",
          "nonRecurring": "0",
          "otherItems": "0",
          "incomeTaxExpense": "103000000",
          "totalRevenue": "5658000000",
          "totalOperatingExpenses": "0",
          "costOfRevenue": "4050000000",
          "totalOtherIncomeExpenseNet": "0",
          "discontinuedOperations": "0",
          "netIncomeFromContinuingOps": "0",
          "netIncomeApplicableToCommonShares": "154000000"
        },
        "2002-12-31": {
          "date": "2002-12-31",
          "researchDevelopment": "550000000",
          "effectOfAccountingCharges": "0",
          "incomeBeforeTax": "200000000",
          "minorityInterest": "20000000",
          "netIncome": "0",
          "sellingGeneralAdministrative": "1014000000",
          "grossProfit": "5096000000",
          "ebit": "0",
          "operatingIncome": "59000000",
          "otherOperatingExpenses": "0",
          "interestExpense": "336000000",
          "extraordinaryItems": "0",
          "nonRecurring": "0",
          "otherItems": "0",
          "incomeTaxExpense": "57000000",
          "totalRevenue": "5008000000",
          "totalOperatingExpenses": "0",
          "costOfRevenue": "3766000000",
          "totalOtherIncomeExpenseNet": "0",
          "discontinuedOperations": "0",
          "netIncomeFromContinuingOps": "0",
          "netIncomeApplicableToCommonShares": "96000000"
        },
        "2001-03-31": {
          "date": "2001-03-31",
          "researchDevelopment": "0",
          "effectOfAccountingCharges": "0",
          "incomeBeforeTax": "296000000",
          "minorityInterest": "8000000",
          "netIncome": "138000000",
          "sellingGeneralAdministrative": "1054000000",
          "grossProfit": "0",
          "ebit": "0",
          "operatingIncome": "286000000",
          "otherOperatingExpenses": "0",
          "interestExpense": "180000000",
          "extraordinaryItems": "0",
          "nonRecurring": "0",
          "otherItems": "0",
          "incomeTaxExpense": "87000000",
          "totalRevenue": "5380000000",
          "totalOperatingExpenses": "0",
          "costOfRevenue": "3850000000",
          "totalOtherIncomeExpenseNet": "0",
          "discontinuedOperations": "0",
          "netIncomeFromContinuingOps": "0",
          "netIncomeApplicableToCommonShares": "201000000"
        },
        "2018-03-31": {
          "date": "2018-03-31",
          "filing_date": "0000-00-00",
          "researchDevelopment": "353000000",
          "effectOfAccountingCharges": "0",
          "incomeBeforeTax": "840000000",
          "minorityInterest": "28000000",
          "netIncome": "572000000",
          "sellingGeneralAdministrative": "1823000000",
          "grossProfit": "2708000000",
          "ebit": "925000000",
          "operatingIncome": "885000000",
          "otherOperatingExpenses": "-10000000",
          "interestExpense": "108000000",
          "extraordinaryItems": "0",
          "nonRecurring": "0",
          "otherItems": "0",
          "incomeTaxExpense": "235000000",
          "totalRevenue": "8627000000",
          "totalOperatingExpenses": "7702000000",
          "costOfRevenue": "5634000000",
          "totalOtherIncomeExpenseNet": "-85000000",
          "discontinuedOperations": "-5000000",
          "netIncomeFromContinuingOps": "605000000",
          "netIncomeApplicableToCommonShares": "577000000"
        },
        "2014-12-31": {
          "date": "2014-12-31",
          "filing_date": "0000-00-00",
          "researchDevelopment": "387000000",
          "effectOfAccountingCharges": "0",
          "incomeBeforeTax": "965000000",
          "minorityInterest": "35000000",
          "netIncome": "680000000",
          "sellingGeneralAdministrative": "1884000000",
          "grossProfit": "12718000000",
          "ebit": "3675000000",
          "operatingIncome": "957000000",
          "otherOperatingExpenses": "-26000000",
          "interestExpense": "107000000",
          "extraordinaryItems": "0",
          "nonRecurring": "0",
          "otherItems": "0",
          "incomeTaxExpense": "264000000",
          "totalRevenue": "10346000000",
          "totalOperatingExpenses": "36155000000",
          "costOfRevenue": "7188000000",
          "totalOtherIncomeExpenseNet": "221000000",
          "discontinuedOperations": "24000000",
          "netIncomeFromContinuingOps": "2694000000",
          "netIncomeApplicableToCommonShares": "666000000"
        },
        "2014-09-30": {
          "date": "2014-09-30",
          "researchDevelopment": "357000000",
          "effectOfAccountingCharges": "0",
          "incomeBeforeTax": "1158000000",
          "minorityInterest": "39000000",
          "netIncome": "734000000",
          "sellingGeneralAdministrative": "1845000000",
          "grossProfit": "0",
          "ebit": "0",
          "operatingIncome": "917000000",
          "otherOperatingExpenses": "0",
          "interestExpense": "83000000",
          "extraordinaryItems": "0",
          "nonRecurring": "0",
          "otherItems": "0",
          "incomeTaxExpense": "397000000",
          "totalRevenue": "9823000000",
          "totalOperatingExpenses": "0",
          "costOfRevenue": "6739000000",
          "totalOtherIncomeExpenseNet": "0",
          "discontinuedOperations": "0",
          "netIncomeFromContinuingOps": "0",
          "netIncomeApplicableToCommonShares": "722000000"
        },
        "2013-12-31": {
          "date": "2013-12-31",
          "filing_date": "0000-00-00",
          "researchDevelopment": "415000000",
          "effectOfAccountingCharges": "0",
          "incomeBeforeTax": "751000000",
          "minorityInterest": "26000000",
          "netIncome": "525000000",
          "sellingGeneralAdministrative": "2085000000",
          "grossProfit": "13517000000",
          "ebit": "4446000000",
          "operatingIncome": "857000000",
          "otherOperatingExpenses": "-18000000",
          "interestExpense": "91000000",
          "extraordinaryItems": "0",
          "nonRecurring": "0",
          "otherItems": "0",
          "incomeTaxExpense": "178000000",
          "totalRevenue": "11373000000",
          "totalOperatingExpenses": "37402000000",
          "costOfRevenue": "8079000000",
          "totalOtherIncomeExpenseNet": "-380000000",
          "discontinuedOperations": "-37000000",
          "netIncomeFromContinuingOps": "2944000000",
          "netIncomeApplicableToCommonShares": "547000000"
        },
        "2013-06-30": {
          "date": "2013-06-30",
          "researchDevelopment": "343000000",
          "effectOfAccountingCharges": "0",
          "incomeBeforeTax": "1125000000",
          "minorityInterest": "23000000",
          "netIncome": "763000000",
          "sellingGeneralAdministrative": "1842000000",
          "grossProfit": "0",
          "ebit": "0",
          "operatingIncome": "1183000000",
          "otherOperatingExpenses": "0",
          "interestExpense": "80000000",
          "extraordinaryItems": "0",
          "nonRecurring": "0",
          "otherItems": "0",
          "incomeTaxExpense": "331000000",
          "totalRevenue": "10225000000",
          "totalOperatingExpenses": "0",
          "costOfRevenue": "6882000000",
          "totalOtherIncomeExpenseNet": "0",
          "discontinuedOperations": "0",
          "netIncomeFromContinuingOps": "0",
          "netIncomeApplicableToCommonShares": "771000000"
        },
        "2016-03-31": {
          "date": "2016-03-31",
          "researchDevelopment": "305000000",
          "effectOfAccountingCharges": "0",
          "incomeBeforeTax": "730000000",
          "minorityInterest": "28000000",
          "netIncome": "500000000",
          "sellingGeneralAdministrative": "1575000000",
          "grossProfit": "0",
          "ebit": "0",
          "operatingIncome": "783000000",
          "otherOperatingExpenses": "0",
          "interestExpense": "72000000",
          "extraordinaryItems": "0",
          "nonRecurring": "0",
          "otherItems": "0",
          "incomeTaxExpense": "201000000",
          "totalRevenue": "7903000000",
          "totalOperatingExpenses": "0",
          "costOfRevenue": "5265000000",
          "totalOtherIncomeExpenseNet": "0",
          "discontinuedOperations": "0",
          "netIncomeFromContinuingOps": "0",
          "netIncomeApplicableToCommonShares": "501000000"
        },
        "2009-09-30": {
          "date": "2009-09-30",
          "researchDevelopment": "0",
          "effectOfAccountingCharges": "0",
          "incomeBeforeTax": "1381000000",
          "minorityInterest": "54000000",
          "netIncome": "1034000000",
          "sellingGeneralAdministrative": "1326000000",
          "grossProfit": "0",
          "ebit": "0",
          "operatingIncome": "1003000000",
          "otherOperatingExpenses": "0",
          "interestExpense": "0",
          "extraordinaryItems": "0",
          "nonRecurring": "0",
          "otherItems": "0",
          "incomeTaxExpense": "297000000",
          "totalRevenue": "7910000000",
          "totalOperatingExpenses": "0",
          "costOfRevenue": "5412000000",
          "totalOtherIncomeExpenseNet": "0",
          "discontinuedOperations": "0",
          "netIncomeFromContinuingOps": "0",
          "netIncomeApplicableToCommonShares": "1030000000"
        },
        "2006-12-31": {
          "date": "2006-12-31",
          "researchDevelopment": "772000000",
          "effectOfAccountingCharges": "0",
          "incomeBeforeTax": "739000000",
          "minorityInterest": "60000000",
          "netIncome": "422000000",
          "sellingGeneralAdministrative": "1246000000",
          "grossProfit": "7441000000",
          "ebit": "0",
          "operatingIncome": "724000000",
          "otherOperatingExpenses": "0",
          "interestExpense": "63000000",
          "extraordinaryItems": "0",
          "nonRecurring": "0",
          "otherItems": "0",
          "incomeTaxExpense": "182000000",
          "totalRevenue": "6886000000",
          "totalOperatingExpenses": "0",
          "costOfRevenue": "4916000000",
          "totalOtherIncomeExpenseNet": "0",
          "discontinuedOperations": "0",
          "netIncomeFromContinuingOps": "0",
          "netIncomeApplicableToCommonShares": "497000000"
        },
        "2006-09-30": {
          "date": "2006-09-30",
          "researchDevelopment": "0",
          "effectOfAccountingCharges": "0",
          "incomeBeforeTax": "637000000",
          "minorityInterest": "41000000",
          "netIncome": "397000000",
          "sellingGeneralAdministrative": "1050000000",
          "grossProfit": "0",
          "ebit": "0",
          "operatingIncome": "643000000",
          "otherOperatingExpenses": "0",
          "interestExpense": "57000000",
          "extraordinaryItems": "0",
          "nonRecurring": "0",
          "otherItems": "0",
          "incomeTaxExpense": "186000000",
          "totalRevenue": "5684000000",
          "totalOperatingExpenses": "0",
          "costOfRevenue": "3991000000",
          "totalOtherIncomeExpenseNet": "0",
          "discontinuedOperations": "0",
          "netIncomeFromContinuingOps": "0",
          "netIncomeApplicableToCommonShares": "410000000"
        },
        "2014-06-30": {
          "date": "2014-06-30",
          "researchDevelopment": "390000000",
          "effectOfAccountingCharges": "0",
          "incomeBeforeTax": "985000000",
          "minorityInterest": "32000000",
          "netIncome": "636000000",
          "sellingGeneralAdministrative": "1965000000",
          "grossProfit": "0",
          "ebit": "0",
          "operatingIncome": "920000000",
          "otherOperatingExpenses": "0",
          "interestExpense": "88000000",
          "extraordinaryItems": "0",
          "nonRecurring": "0",
          "otherItems": "0",
          "incomeTaxExpense": "316000000",
          "totalRevenue": "10190000000",
          "totalOperatingExpenses": "0",
          "costOfRevenue": "6972000000",
          "totalOtherIncomeExpenseNet": "0",
          "discontinuedOperations": "0",
          "netIncomeFromContinuingOps": "0",
          "netIncomeApplicableToCommonShares": "637000000"
        },
        "2012-12-31": {
          "date": "2012-12-31",
          "researchDevelopment": "390000000",
          "effectOfAccountingCharges": "0",
          "incomeBeforeTax": "826000000",
          "minorityInterest": "20000000",
          "netIncome": "604000000",
          "sellingGeneralAdministrative": "1966000000",
          "grossProfit": "12560000000",
          "ebit": "0",
          "operatingIncome": "957000000",
          "otherOperatingExpenses": "0",
          "interestExpense": "55000000",
          "extraordinaryItems": "0",
          "nonRecurring": "0",
          "otherItems": "0",
          "incomeTaxExpense": "202000000",
          "totalRevenue": "11021000000",
          "totalOperatingExpenses": "0",
          "costOfRevenue": "7757000000",
          "totalOtherIncomeExpenseNet": "0",
          "discontinuedOperations": "0",
          "netIncomeFromContinuingOps": "0",
          "netIncomeApplicableToCommonShares": "604000000"
        },
        "2010-03-31": {
          "date": "2010-03-31",
          "researchDevelopment": "0",
          "effectOfAccountingCharges": "0",
          "incomeBeforeTax": "691000000",
          "minorityInterest": "27000000",
          "netIncome": "464000000",
          "sellingGeneralAdministrative": "1374000000",
          "grossProfit": "0",
          "ebit": "0",
          "operatingIncome": "715000000",
          "otherOperatingExpenses": "0",
          "interestExpense": "42000000",
          "extraordinaryItems": "0",
          "nonRecurring": "0",
          "otherItems": "0",
          "incomeTaxExpense": "201000000",
          "totalRevenue": "6934000000",
          "totalOperatingExpenses": "0",
          "costOfRevenue": "4676000000",
          "totalOtherIncomeExpenseNet": "0",
          "discontinuedOperations": "0",
          "netIncomeFromContinuingOps": "0",
          "netIncomeApplicableToCommonShares": "463000000"
        },
        "2007-06-30": {
          "date": "2007-06-30",
          "researchDevelopment": "0",
          "effectOfAccountingCharges": "0",
          "incomeBeforeTax": "1025000000",
          "minorityInterest": "60000000",
          "netIncome": "729000000",
          "sellingGeneralAdministrative": "1190000000",
          "grossProfit": "0",
          "ebit": "0",
          "operatingIncome": "1018000000",
          "otherOperatingExpenses": "0",
          "interestExpense": "40000000",
          "extraordinaryItems": "0",
          "nonRecurring": "0",
          "otherItems": "0",
          "incomeTaxExpense": "259000000",
          "totalRevenue": "7092000000",
          "totalOperatingExpenses": "0",
          "costOfRevenue": "4745000000",
          "totalOtherIncomeExpenseNet": "0",
          "discontinuedOperations": "0",
          "netIncomeFromContinuingOps": "0",
          "netIncomeApplicableToCommonShares": "706000000"
        },
        "2003-06-30": {
          "date": "2003-06-30",
          "researchDevelopment": "0",
          "effectOfAccountingCharges": "0",
          "incomeBeforeTax": "49000000",
          "minorityInterest": "19000000",
          "netIncome": "0",
          "sellingGeneralAdministrative": "1041000000",
          "grossProfit": "0",
          "ebit": "0",
          "operatingIncome": "230000000",
          "otherOperatingExpenses": "0",
          "interestExpense": "115000000",
          "extraordinaryItems": "0",
          "nonRecurring": "0",
          "otherItems": "0",
          "incomeTaxExpense": "19000000",
          "totalRevenue": "4835000000",
          "totalOperatingExpenses": "0",
          "costOfRevenue": "3418000000",
          "totalOtherIncomeExpenseNet": "0",
          "discontinuedOperations": "0",
          "netIncomeFromContinuingOps": "0",
          "netIncomeApplicableToCommonShares": "11000000"
        },
        "2001-09-30": {
          "date": "2001-09-30",
          "researchDevelopment": "0",
          "effectOfAccountingCharges": "0",
          "incomeBeforeTax": "-179000000",
          "minorityInterest": "-13000000",
          "netIncome": "-128000000",
          "sellingGeneralAdministrative": "789000000",
          "grossProfit": "0",
          "ebit": "0",
          "operatingIncome": "34000000",
          "otherOperatingExpenses": "0",
          "interestExpense": "113000000",
          "extraordinaryItems": "0",
          "nonRecurring": "0",
          "otherItems": "0",
          "incomeTaxExpense": "-52000000",
          "totalRevenue": "3098000000",
          "totalOperatingExpenses": "0",
          "costOfRevenue": "2076000000",
          "totalOtherIncomeExpenseNet": "0",
          "discontinuedOperations": "0",
          "netIncomeFromContinuingOps": "0",
          "netIncomeApplicableToCommonShares": "-114000000"
        },
        "2000-03-31": {
          "date": "2000-03-31",
          "researchDevelopment": "0",
          "effectOfAccountingCharges": "0",
          "incomeBeforeTax": "300000000",
          "minorityInterest": "5000000",
          "netIncome": "55000000",
          "sellingGeneralAdministrative": "1065000000",
          "grossProfit": "0",
          "ebit": "0",
          "operatingIncome": "280000000",
          "otherOperatingExpenses": "0",
          "interestExpense": "154000000",
          "extraordinaryItems": "0",
          "nonRecurring": "0",
          "otherItems": "0",
          "incomeTaxExpense": "89000000",
          "totalRevenue": "5259000000",
          "totalOperatingExpenses": "0",
          "costOfRevenue": "3715000000",
          "totalOtherIncomeExpenseNet": "0",
          "discontinuedOperations": "0",
          "netIncomeFromContinuingOps": "0",
          "netIncomeApplicableToCommonShares": "206000000"
        },
        "2017-03-31": {
          "date": "2017-03-31",
          "filing_date": "0000-00-00",
          "researchDevelopment": "291000000",
          "effectOfAccountingCharges": "0",
          "incomeBeforeTax": "968000000",
          "minorityInterest": "34000000",
          "netIncome": "724000000",
          "sellingGeneralAdministrative": "1604000000",
          "grossProfit": "2373000000",
          "ebit": "697000000",
          "operatingIncome": "764000000",
          "otherOperatingExpenses": "74000000",
          "interestExpense": "79000000",
          "extraordinaryItems": "0",
          "nonRecurring": "0",
          "otherItems": "0",
          "incomeTaxExpense": "208000000",
          "totalRevenue": "7854000000",
          "totalOperatingExpenses": "7157000000",
          "costOfRevenue": "5223000000",
          "totalOtherIncomeExpenseNet": "271000000",
          "discontinuedOperations": "-2000000",
          "netIncomeFromContinuingOps": "760000000",
          "netIncomeApplicableToCommonShares": "726000000"
        },
        "2015-12-31": {
          "date": "2015-12-31",
          "filing_date": "0000-00-00",
          "researchDevelopment": "408000000",
          "effectOfAccountingCharges": "0",
          "incomeBeforeTax": "305000000",
          "minorityInterest": "36000000",
          "netIncome": "204000000",
          "sellingGeneralAdministrative": "1988000000",
          "grossProfit": "10418000000",
          "ebit": "3663000000",
          "operatingIncome": "407000000",
          "otherOperatingExpenses": "-124000000",
          "interestExpense": "63000000",
          "extraordinaryItems": "0",
          "nonRecurring": "0",
          "otherItems": "0",
          "incomeTaxExpense": "66000000",
          "totalRevenue": "9242000000",
          "totalOperatingExpenses": "31818000000",
          "costOfRevenue": "6559000000",
          "totalOtherIncomeExpenseNet": "-823000000",
          "discontinuedOperations": "3000000",
          "netIncomeFromContinuingOps": "2052000000",
          "netIncomeApplicableToCommonShares": "203000000"
        },
        "2014-03-31": {
          "date": "2014-03-31",
          "researchDevelopment": "365000000",
          "effectOfAccountingCharges": "0",
          "incomeBeforeTax": "788000000",
          "minorityInterest": "18000000",
          "netIncome": "544000000",
          "sellingGeneralAdministrative": "1872000000",
          "grossProfit": "0",
          "ebit": "0",
          "operatingIncome": "855000000",
          "otherOperatingExpenses": "0",
          "interestExpense": "84000000",
          "extraordinaryItems": "0",
          "nonRecurring": "0",
          "otherItems": "0",
          "incomeTaxExpense": "225000000",
          "totalRevenue": "9471000000",
          "totalOperatingExpenses": "0",
          "costOfRevenue": "6411000000",
          "totalOtherIncomeExpenseNet": "0",
          "discontinuedOperations": "0",
          "netIncomeFromContinuingOps": "0",
          "netIncomeApplicableToCommonShares": "545000000"
        },
        "2004-12-31": {
          "date": "2004-12-31",
          "researchDevelopment": "690000000",
          "effectOfAccountingCharges": "0",
          "incomeBeforeTax": "177000000",
          "minorityInterest": "37000000",
          "netIncome": "-98000000",
          "sellingGeneralAdministrative": "1052000000",
          "grossProfit": "5552000000",
          "ebit": "0",
          "operatingIncome": "282000000",
          "otherOperatingExpenses": "0",
          "interestExpense": "90000000",
          "extraordinaryItems": "0",
          "nonRecurring": "0",
          "otherItems": "0",
          "incomeTaxExpense": "63000000",
          "totalRevenue": "5884000000",
          "totalOperatingExpenses": "0",
          "costOfRevenue": "4355000000",
          "totalOtherIncomeExpenseNet": "0",
          "discontinuedOperations": "0",
          "netIncomeFromContinuingOps": "0",
          "netIncomeApplicableToCommonShares": "77000000"
        },
        "2004-06-30": {
          "date": "2004-06-30",
          "researchDevelopment": "0",
          "effectOfAccountingCharges": "0",
          "incomeBeforeTax": "268000000",
          "minorityInterest": "28000000",
          "netIncome": "89000000",
          "sellingGeneralAdministrative": "944000000",
          "grossProfit": "0",
          "ebit": "0",
          "operatingIncome": "319000000",
          "otherOperatingExpenses": "0",
          "interestExpense": "90000000",
          "extraordinaryItems": "0",
          "nonRecurring": "0",
          "otherItems": "0",
          "incomeTaxExpense": "97000000",
          "totalRevenue": "5193000000",
          "totalOperatingExpenses": "0",
          "costOfRevenue": "3782000000",
          "totalOtherIncomeExpenseNet": "0",
          "discontinuedOperations": "0",
          "netIncomeFromContinuingOps": "0",
          "netIncomeApplicableToCommonShares": "143000000"
        },
        "2016-09-30": {
          "date": "2016-09-30",
          "filing_date": "0000-00-00",
          "researchDevelopment": "303000000",
          "effectOfAccountingCharges": "0",
          "incomeBeforeTax": "810000000",
          "minorityInterest": "21000000",
          "netIncome": "568000000",
          "sellingGeneralAdministrative": "1583000000",
          "grossProfit": "-136000000",
          "ebit": "-78000000",
          "operatingIncome": "876000000",
          "otherOperatingExpenses": "0",
          "interestExpense": "84000000",
          "extraordinaryItems": "0",
          "nonRecurring": "0",
          "otherItems": "0",
          "incomeTaxExpense": "237000000",
          "totalRevenue": "8255000000",
          "totalOperatingExpenses": "-344000000",
          "costOfRevenue": "5510000000",
          "totalOtherIncomeExpenseNet": "0",
          "discontinuedOperations": "17000000",
          "netIncomeFromContinuingOps": "0",
          "netIncomeApplicableToCommonShares": "552000000"
        },
        "2008-09-30": {
          "date": "2008-09-30",
          "researchDevelopment": "0",
          "effectOfAccountingCharges": "0",
          "incomeBeforeTax": "1304000000",
          "minorityInterest": "52000000",
          "netIncome": "927000000",
          "sellingGeneralAdministrative": "1432000000",
          "grossProfit": "0",
          "ebit": "0",
          "operatingIncome": "1274000000",
          "otherOperatingExpenses": "0",
          "interestExpense": "62000000",
          "extraordinaryItems": "0",
          "nonRecurring": "0",
          "otherItems": "0",
          "incomeTaxExpense": "331000000",
          "totalRevenue": "8791000000",
          "totalOperatingExpenses": "0",
          "costOfRevenue": "5919000000",
          "totalOtherIncomeExpenseNet": "0",
          "discontinuedOperations": "0",
          "netIncomeFromContinuingOps": "0",
          "netIncomeApplicableToCommonShares": "921000000"
        },
        "2008-03-31": {
          "date": "2008-03-31",
          "researchDevelopment": "0",
          "effectOfAccountingCharges": "0",
          "incomeBeforeTax": "1410000000",
          "minorityInterest": "64000000",
          "netIncome": "1003000000",
          "sellingGeneralAdministrative": "1362000000",
          "grossProfit": "0",
          "ebit": "0",
          "operatingIncome": "1323000000",
          "otherOperatingExpenses": "0",
          "interestExpense": "32000000",
          "extraordinaryItems": "0",
          "nonRecurring": "0",
          "otherItems": "0",
          "incomeTaxExpense": "353000000",
          "totalRevenue": "7956000000",
          "totalOperatingExpenses": "0",
          "costOfRevenue": "5121000000",
          "totalOtherIncomeExpenseNet": "0",
          "discontinuedOperations": "0",
          "netIncomeFromContinuingOps": "0",
          "netIncomeApplicableToCommonShares": "993000000"
        },
        "2005-12-31": {
          "date": "2005-12-31",
          "researchDevelopment": "679000000",
          "effectOfAccountingCharges": "0",
          "incomeBeforeTax": "473000000",
          "minorityInterest": "47000000",
          "netIncome": "222000000",
          "sellingGeneralAdministrative": "1005000000",
          "grossProfit": "6289000000",
          "ebit": "0",
          "operatingIncome": "522000000",
          "otherOperatingExpenses": "0",
          "interestExpense": "91000000",
          "extraordinaryItems": "0",
          "nonRecurring": "0",
          "otherItems": "0",
          "incomeTaxExpense": "131000000",
          "totalRevenue": "5917000000",
          "totalOperatingExpenses": "0",
          "costOfRevenue": "4236000000",
          "totalOtherIncomeExpenseNet": "0",
          "discontinuedOperations": "0",
          "netIncomeFromContinuingOps": "0",
          "netIncomeApplicableToCommonShares": "295000000"
        },
        "2005-09-30": {
          "date": "2005-09-30",
          "researchDevelopment": "0",
          "effectOfAccountingCharges": "0",
          "incomeBeforeTax": "425000000",
          "minorityInterest": "36000000",
          "netIncome": "188000000",
          "sellingGeneralAdministrative": "904000000",
          "grossProfit": "0",
          "ebit": "0",
          "operatingIncome": "491000000",
          "otherOperatingExpenses": "0",
          "interestExpense": "94000000",
          "extraordinaryItems": "0",
          "nonRecurring": "0",
          "otherItems": "0",
          "incomeTaxExpense": "139000000",
          "totalRevenue": "5377000000",
          "totalOperatingExpenses": "0",
          "costOfRevenue": "3826000000",
          "totalOtherIncomeExpenseNet": "0",
          "discontinuedOperations": "0",
          "netIncomeFromContinuingOps": "0",
          "netIncomeApplicableToCommonShares": "250000000"
        },
        "2003-09-30": {
          "date": "2003-09-30",
          "researchDevelopment": "0",
          "effectOfAccountingCharges": "0",
          "incomeBeforeTax": "108000000",
          "minorityInterest": "26000000",
          "netIncome": "0",
          "sellingGeneralAdministrative": "934000000",
          "grossProfit": "0",
          "ebit": "0",
          "operatingIncome": "171000000",
          "otherOperatingExpenses": "0",
          "interestExpense": "160000000",
          "extraordinaryItems": "0",
          "nonRecurring": "0",
          "otherItems": "0",
          "incomeTaxExpense": "40000000",
          "totalRevenue": "4553000000",
          "totalOperatingExpenses": "0",
          "costOfRevenue": "3303000000",
          "totalOtherIncomeExpenseNet": "0",
          "discontinuedOperations": "0",
          "netIncomeFromContinuingOps": "0",
          "netIncomeApplicableToCommonShares": "42000000"
        },
        "2003-03-31": {
          "date": "2003-03-31",
          "researchDevelopment": "0",
          "effectOfAccountingCharges": "0",
          "incomeBeforeTax": "0",
          "minorityInterest": "11000000",
          "netIncome": "0",
          "sellingGeneralAdministrative": "952000000",
          "grossProfit": "0",
          "ebit": "0",
          "operatingIncome": "120000000",
          "otherOperatingExpenses": "0",
          "interestExpense": "165000000",
          "extraordinaryItems": "0",
          "nonRecurring": "0",
          "otherItems": "0",
          "incomeTaxExpense": "0",
          "totalRevenue": "4317000000",
          "totalOperatingExpenses": "0",
          "costOfRevenue": "3101000000",
          "totalOtherIncomeExpenseNet": "0",
          "discontinuedOperations": "0",
          "netIncomeFromContinuingOps": "0",
          "netIncomeApplicableToCommonShares": "0"
        },
        "2000-09-30": {
          "date": "2000-09-30",
          "researchDevelopment": "0",
          "effectOfAccountingCharges": "0",
          "incomeBeforeTax": "208000000",
          "minorityInterest": "17000000",
          "netIncome": "132000000",
          "sellingGeneralAdministrative": "1027000000",
          "grossProfit": "0",
          "ebit": "0",
          "operatingIncome": "108000000",
          "otherOperatingExpenses": "0",
          "interestExpense": "168000000",
          "extraordinaryItems": "0",
          "nonRecurring": "0",
          "otherItems": "0",
          "incomeTaxExpense": "59000000",
          "totalRevenue": "5149000000",
          "totalOperatingExpenses": "0",
          "costOfRevenue": "3816000000",
          "totalOtherIncomeExpenseNet": "0",
          "discontinuedOperations": "0",
          "netIncomeFromContinuingOps": "0",
          "netIncomeApplicableToCommonShares": "132000000"
        },
        "2018-09-30": {
          "date": "2018-09-30",
          "researchDevelopment": "328000000",
          "effectOfAccountingCharges": "0",
          "incomeBeforeTax": "859000000",
          "minorityInterest": "546000000",
          "netIncome": "603000000",
          "sellingGeneralAdministrative": "1524000000",
          "grossProfit": "2667000000",
          "ebit": "871000000",
          "operatingIncome": "871000000",
          "otherOperatingExpenses": "-56000000",
          "interestExpense": "-73000000",
          "extraordinaryItems": "0",
          "nonRecurring": "0",
          "otherItems": "0",
          "incomeTaxExpense": "223000000",
          "totalRevenue": "9257000000",
          "totalOperatingExpenses": "8386000000",
          "costOfRevenue": "6590000000",
          "totalOtherIncomeExpenseNet": "-12000000",
          "discontinuedOperations": "135000000",
          "netIncomeFromContinuingOps": "636000000",
          "netIncomeApplicableToCommonShares": "603000000"
        },
        "2017-12-31": {
          "date": "2017-12-31",
          "filing_date": "0000-00-00",
          "researchDevelopment": "398000000",
          "effectOfAccountingCharges": "0",
          "incomeBeforeTax": "581000000",
          "minorityInterest": "30000000",
          "netIncome": "393000000",
          "sellingGeneralAdministrative": "1931000000",
          "grossProfit": "8088000000",
          "ebit": "2320000000",
          "operatingIncome": "694000000",
          "otherOperatingExpenses": "-161000000",
          "interestExpense": "50000000",
          "extraordinaryItems": "0",
          "nonRecurring": "0",
          "otherItems": "0",
          "incomeTaxExpense": "158000000",
          "totalRevenue": "9280000000",
          "totalOperatingExpenses": "23206000000",
          "costOfRevenue": "6362000000",
          "totalOtherIncomeExpenseNet": "-384000000",
          "discontinuedOperations": "855000000",
          "netIncomeFromContinuingOps": "1311000000",
          "netIncomeApplicableToCommonShares": "393000000"
        },
        "2013-03-31": {
          "date": "2013-03-31",
          "researchDevelopment": "361000000",
          "effectOfAccountingCharges": "0",
          "incomeBeforeTax": "973000000",
          "minorityInterest": "28000000",
          "netIncome": "664000000",
          "sellingGeneralAdministrative": "1810000000",
          "grossProfit": "0",
          "ebit": "0",
          "operatingIncome": "1041000000",
          "otherOperatingExpenses": "0",
          "interestExpense": "97000000",
          "extraordinaryItems": "0",
          "nonRecurring": "0",
          "otherItems": "0",
          "incomeTaxExpense": "277000000",
          "totalRevenue": "9715000000",
          "totalOperatingExpenses": "0",
          "costOfRevenue": "6543000000",
          "totalOtherIncomeExpenseNet": "0",
          "discontinuedOperations": "0",
          "netIncomeFromContinuingOps": "0",
          "netIncomeApplicableToCommonShares": "668000000"
        },
        "2012-09-30": {
          "date": "2012-09-30",
          "researchDevelopment": "358000000",
          "effectOfAccountingCharges": "0",
          "incomeBeforeTax": "1069000000",
          "minorityInterest": "35000000",
          "netIncome": "759000000",
          "sellingGeneralAdministrative": "1751000000",
          "grossProfit": "0",
          "ebit": "0",
          "operatingIncome": "1172000000",
          "otherOperatingExpenses": "0",
          "interestExpense": "94000000",
          "extraordinaryItems": "0",
          "nonRecurring": "0",
          "otherItems": "0",
          "incomeTaxExpense": "274000000",
          "totalRevenue": "9745000000",
          "totalOperatingExpenses": "0",
          "costOfRevenue": "6515000000",
          "totalOtherIncomeExpenseNet": "0",
          "discontinuedOperations": "0",
          "netIncomeFromContinuingOps": "0",
          "netIncomeApplicableToCommonShares": "760000000"
        },
        "2012-03-31": {
          "date": "2012-03-31",
          "researchDevelopment": "346000000",
          "effectOfAccountingCharges": "0",
          "incomeBeforeTax": "1010000000",
          "minorityInterest": "27000000",
          "netIncome": "685000000",
          "sellingGeneralAdministrative": "1668000000",
          "grossProfit": "0",
          "ebit": "0",
          "operatingIncome": "1022000000",
          "otherOperatingExpenses": "0",
          "interestExpense": "57000000",
          "extraordinaryItems": "0",
          "nonRecurring": "0",
          "otherItems": "0",
          "incomeTaxExpense": "298000000",
          "totalRevenue": "8907000000",
          "totalOperatingExpenses": "0",
          "costOfRevenue": "5964000000",
          "totalOtherIncomeExpenseNet": "0",
          "discontinuedOperations": "0",
          "netIncomeFromContinuingOps": "0",
          "netIncomeApplicableToCommonShares": "685000000"
        },
        "2004-03-31": {
          "date": "2004-03-31",
          "researchDevelopment": "0",
          "effectOfAccountingCharges": "0",
          "incomeBeforeTax": "168000000",
          "minorityInterest": "14000000",
          "netIncome": "1000000",
          "sellingGeneralAdministrative": "918000000",
          "grossProfit": "0",
          "ebit": "0",
          "operatingIncome": "249000000",
          "otherOperatingExpenses": "0",
          "interestExpense": "110000000",
          "extraordinaryItems": "0",
          "nonRecurring": "0",
          "otherItems": "0",
          "incomeTaxExpense": "65000000",
          "totalRevenue": "4528000000",
          "totalOperatingExpenses": "0",
          "costOfRevenue": "3213000000",
          "totalOtherIncomeExpenseNet": "0",
          "discontinuedOperations": "0",
          "netIncomeFromContinuingOps": "0",
          "netIncomeApplicableToCommonShares": "89000000"
        },
        "2000-12-31": {
          "date": "2000-12-31",
          "researchDevelopment": "703000000",
          "effectOfAccountingCharges": "0",
          "incomeBeforeTax": "300000000",
          "minorityInterest": "15000000",
          "netIncome": "219000000",
          "sellingGeneralAdministrative": "1267000000",
          "grossProfit": "6362000000",
          "ebit": "0",
          "operatingIncome": "384000000",
          "otherOperatingExpenses": "0",
          "interestExpense": "185000000",
          "extraordinaryItems": "0",
          "nonRecurring": "0",
          "otherItems": "0",
          "incomeTaxExpense": "80000000",
          "totalRevenue": "6750000000",
          "totalOperatingExpenses": "0",
          "costOfRevenue": "4838000000",
          "totalOtherIncomeExpenseNet": "0",
          "discontinuedOperations": "0",
          "netIncomeFromContinuingOps": "0",
          "netIncomeApplicableToCommonShares": "205000000"
        },
        "2019-06-30": {
          "date": "2019-06-30",
          "researchDevelopment": "299000000",
          "incomeBeforeTax": "101000000",
          "minorityInterest": "483000000",
          "netIncome": "64000000",
          "sellingGeneralAdministrative": "1385000000",
          "grossProfit": "2311000000",
          "ebit": "648000000",
          "operatingIncome": "648000000",
          "otherOperatingExpenses": "-21000000",
          "interestExpense": "-2000000",
          "incomeTaxExpense": "155000000",
          "totalRevenue": "7171000000",
          "totalOperatingExpenses": "6523000000",
          "costOfRevenue": "4860000000",
          "totalOtherIncomeExpenseNet": "-547000000",
          "discontinuedOperations": "142000000",
          "netIncomeFromContinuingOps": "-54000000",
          "netIncomeApplicableToCommonShares": "64000000"
        },
        "2017-06-30": {
          "date": "2017-06-30",
          "filing_date": "0000-00-00",
          "researchDevelopment": "319000000",
          "effectOfAccountingCharges": "0",
          "incomeBeforeTax": "828000000",
          "minorityInterest": "56000000",
          "netIncome": "525000000",
          "sellingGeneralAdministrative": "1689000000",
          "grossProfit": "-4529000000",
          "ebit": "-1223000000",
          "operatingIncome": "906000000",
          "otherOperatingExpenses": "-201000000",
          "interestExpense": "74000000",
          "extraordinaryItems": "0",
          "nonRecurring": "0",
          "otherItems": "0",
          "incomeTaxExpense": "248000000",
          "totalRevenue": "8454000000",
          "totalOperatingExpenses": "-13885000000",
          "costOfRevenue": "5601000000",
          "totalOtherIncomeExpenseNet": "-853000000",
          "discontinuedOperations": "7000000",
          "netIncomeFromContinuingOps": "-1700000000",
          "netIncomeApplicableToCommonShares": "524000000"
        }
      },
      "yearly": {
        "2002-12-31": {
          "date": "2002-12-31",
          "researchDevelopment": "550000000",
          "incomeBeforeTax": "251000000",
          "minorityInterest": "71000000",
          "sellingGeneralAdministrative": "4033000000",
          "grossProfit": "5096000000",
          "operatingIncome": "452000000",
          "interestExpense": "336000000",
          "incomeTaxExpense": "83000000",
          "totalRevenue": "18295000000",
          "costOfRevenue": "13199000000",
          "netIncomeApplicableToCommonShares": "97000000"
        },
        "2018-12-31": {
          "date": "2018-12-31",
          "researchDevelopment": "1142000000",
          "incomeBeforeTax": "2119000000",
          "minorityInterest": "582000000",
          "netIncome": "2173000000",
          "sellingGeneralAdministrative": "5137000000",
          "grossProfit": "8603000000",
          "ebit": "2324000000",
          "operatingIncome": "2324000000",
          "otherOperatingExpenses": "-124000000",
          "interestExpense": "-305000000",
          "incomeTaxExpense": "544000000",
          "totalRevenue": "27662000000",
          "totalOperatingExpenses": "25338000000",
          "costOfRevenue": "19059000000",
          "totalOtherIncomeExpenseNet": "-205000000",
          "discontinuedOperations": "723000000",
          "netIncomeFromContinuingOps": "1575000000",
          "netIncomeApplicableToCommonShares": "2173000000"
        },
        "2016-12-31": {
          "date": "2016-12-31",
          "filing_date": "0000-00-00",
          "researchDevelopment": "961000000",
          "incomeBeforeTax": "1761000000",
          "minorityInterest": "502000000",
          "netIncome": "1899000000",
          "sellingGeneralAdministrative": "4531000000",
          "grossProfit": "7659000000",
          "ebit": "2167000000",
          "operatingIncome": "2167000000",
          "otherOperatingExpenses": "-124000000",
          "interestExpense": "-159000000",
          "incomeTaxExpense": "526000000",
          "totalRevenue": "24929000000",
          "totalOperatingExpenses": "22762000000",
          "costOfRevenue": "17270000000",
          "totalOtherIncomeExpenseNet": "-406000000",
          "discontinuedOperations": "799000000",
          "netIncomeFromContinuingOps": "1235000000",
          "netIncomeApplicableToCommonShares": "1899000000"
        },
        "2011-12-31": {
          "date": "2011-12-31",
          "researchDevelopment": "1371000000",
          "incomeBeforeTax": "4550000000",
          "minorityInterest": "147000000",
          "netIncome": "3168000000",
          "sellingGeneralAdministrative": "6744000000",
          "grossProfit": "12429000000",
          "operatingIncome": "4690000000",
          "interestExpense": "207000000",
          "incomeTaxExpense": "1244000000",
          "totalRevenue": "37990000000",
          "costOfRevenue": "25561000000",
          "netIncomeApplicableToCommonShares": "3159000000"
        },
        "2008-12-31": {
          "date": "2008-12-31",
          "researchDevelopment": "1027000000",
          "incomeBeforeTax": "4518000000",
          "minorityInterest": "260000000",
          "netIncome": "3118000000",
          "sellingGeneralAdministrative": "5752000000",
          "grossProfit": "11574000000",
          "operatingIncome": "5161000000",
          "interestExpense": "349000000",
          "incomeTaxExpense": "1119000000",
          "totalRevenue": "34912000000",
          "costOfRevenue": "23338000000",
          "netIncomeApplicableToCommonShares": "3139000000"
        },
        "2006-12-31": {
          "date": "2006-12-31",
          "researchDevelopment": "772000000",
          "incomeBeforeTax": "2433000000",
          "minorityInterest": "179000000",
          "netIncome": "1390000000",
          "sellingGeneralAdministrative": "4434000000",
          "grossProfit": "7441000000",
          "operatingIncome": "2437000000",
          "interestExpense": "304000000",
          "incomeTaxExpense": "697000000",
          "totalRevenue": "24412000000",
          "costOfRevenue": "16971000000",
          "netIncomeApplicableToCommonShares": "1557000000"
        },
        "2003-12-31": {
          "date": "2003-12-31",
          "researchDevelopment": "613000000",
          "incomeBeforeTax": "231000000",
          "minorityInterest": "82000000",
          "sellingGeneralAdministrative": "3830000000",
          "grossProfit": "5245000000",
          "operatingIncome": "830000000",
          "interestExpense": "514000000",
          "incomeTaxExpense": "75000000",
          "totalRevenue": "18784000000",
          "costOfRevenue": "13539000000",
          "netIncomeApplicableToCommonShares": "74000000"
        },
        "2015-12-31": {
          "date": "2015-12-31",
          "filing_date": "0000-00-00",
          "researchDevelopment": "1368000000",
          "incomeBeforeTax": "2840000000",
          "minorityInterest": "507000000",
          "netIncome": "1933000000",
          "sellingGeneralAdministrative": "5387000000",
          "grossProfit": "10418000000",
          "ebit": "3663000000",
          "operatingIncome": "3663000000",
          "otherOperatingExpenses": "-124000000",
          "interestExpense": "-572000000",
          "incomeTaxExpense": "788000000",
          "totalRevenue": "35481000000",
          "totalOperatingExpenses": "31818000000",
          "costOfRevenue": "25063000000",
          "totalOtherIncomeExpenseNet": "-823000000",
          "discontinuedOperations": "3000000",
          "netIncomeFromContinuingOps": "2052000000",
          "netIncomeApplicableToCommonShares": "1933000000"
        },
        "2013-12-31": {
          "date": "2013-12-31",
          "filing_date": "0000-00-00",
          "researchDevelopment": "1470000000",
          "incomeBeforeTax": "4066000000",
          "minorityInterest": "120000000",
          "netIncome": "2787000000",
          "sellingGeneralAdministrative": "7564000000",
          "grossProfit": "13517000000",
          "ebit": "4446000000",
          "operatingIncome": "4635000000",
          "otherOperatingExpenses": "-18000000",
          "interestExpense": "390000000",
          "incomeTaxExpense": "1122000000",
          "totalRevenue": "41848000000",
          "totalOperatingExpenses": "37402000000",
          "costOfRevenue": "28331000000",
          "totalOtherIncomeExpenseNet": "-380000000",
          "discontinuedOperations": "-37000000",
          "netIncomeFromContinuingOps": "2944000000",
          "netIncomeApplicableToCommonShares": "2824000000"
        },
        "2009-12-31": {
          "date": "2009-12-31",
          "researchDevelopment": "1037000000",
          "incomeBeforeTax": "4120000000",
          "minorityInterest": "235000000",
          "netIncome": "2901000000",
          "sellingGeneralAdministrative": "5528000000",
          "grossProfit": "9980000000",
          "operatingIncome": "3797000000",
          "interestExpense": "127000000",
          "incomeTaxExpense": "1001000000",
          "totalRevenue": "31795000000",
          "costOfRevenue": "21815000000",
          "netIncomeApplicableToCommonShares": "2884000000"
        },
        "2005-12-31": {
          "date": "2005-12-31",
          "researchDevelopment": "679000000",
          "incomeBeforeTax": "1496000000",
          "minorityInterest": "131000000",
          "netIncome": "735000000",
          "sellingGeneralAdministrative": "3922000000",
          "grossProfit": "6289000000",
          "operatingIncome": "1770000000",
          "interestExpense": "403000000",
          "incomeTaxExpense": "482000000",
          "totalRevenue": "22442000000",
          "costOfRevenue": "16153000000",
          "netIncomeApplicableToCommonShares": "883000000"
        },
        "2017-12-31": {
          "date": "2017-12-31",
          "filing_date": "0000-00-00",
          "researchDevelopment": "1018000000",
          "incomeBeforeTax": "2102000000",
          "minorityInterest": "530000000",
          "netIncome": "2213000000",
          "sellingGeneralAdministrative": "4757000000",
          "grossProfit": "7918000000",
          "ebit": "2143000000",
          "operatingIncome": "2143000000",
          "otherOperatingExpenses": "-124000000",
          "interestExpense": "-254000000",
          "incomeTaxExpense": "583000000",
          "totalRevenue": "25196000000",
          "totalOperatingExpenses": "23053000000",
          "costOfRevenue": "17278000000",
          "totalOtherIncomeExpenseNet": "-41000000",
          "discontinuedOperations": "846000000",
          "netIncomeFromContinuingOps": "1519000000",
          "netIncomeApplicableToCommonShares": "2213000000"
        },
        "2010-12-31": {
          "date": "2010-12-31",
          "researchDevelopment": "1082000000",
          "incomeBeforeTax": "3740000000",
          "minorityInterest": "171000000",
          "netIncome": "2561000000",
          "sellingGeneralAdministrative": "5661000000",
          "grossProfit": "10341000000",
          "operatingIncome": "3978000000",
          "interestExpense": "173000000",
          "incomeTaxExpense": "1018000000",
          "totalRevenue": "31589000000",
          "costOfRevenue": "21248000000",
          "netIncomeApplicableToCommonShares": "2551000000"
        },
        "2014-12-31": {
          "date": "2014-12-31",
          "filing_date": "0000-00-00",
          "researchDevelopment": "1499000000",
          "incomeBeforeTax": "3896000000",
          "minorityInterest": "124000000",
          "netIncome": "2594000000",
          "sellingGeneralAdministrative": "7566000000",
          "grossProfit": "12718000000",
          "ebit": "3675000000",
          "operatingIncome": "3847000000",
          "otherOperatingExpenses": "-26000000",
          "interestExpense": "362000000",
          "incomeTaxExpense": "1202000000",
          "totalRevenue": "39830000000",
          "totalOperatingExpenses": "36155000000",
          "costOfRevenue": "27112000000",
          "totalOtherIncomeExpenseNet": "221000000",
          "discontinuedOperations": "24000000",
          "netIncomeFromContinuingOps": "2694000000",
          "netIncomeApplicableToCommonShares": "2570000000"
        },
        "2012-12-31": {
          "date": "2012-12-31",
          "researchDevelopment": "1464000000",
          "incomeBeforeTax": "3838000000",
          "minorityInterest": "108000000",
          "netIncome": "2704000000",
          "sellingGeneralAdministrative": "7220000000",
          "grossProfit": "12560000000",
          "operatingIncome": "4158000000",
          "interestExpense": "293000000",
          "incomeTaxExpense": "1030000000",
          "totalRevenue": "39336000000",
          "costOfRevenue": "26776000000",
          "netIncomeApplicableToCommonShares": "2700000000"
        },
        "2007-12-31": {
          "date": "2007-12-31",
          "researchDevelopment": "871000000",
          "incomeBeforeTax": "4010000000",
          "minorityInterest": "244000000",
          "netIncome": "3757000000",
          "sellingGeneralAdministrative": "4973000000",
          "grossProfit": "9593000000",
          "operatingIncome": "4018000000",
          "interestExpense": "286000000",
          "incomeTaxExpense": "595000000",
          "totalRevenue": "29183000000",
          "costOfRevenue": "19590000000",
          "netIncomeApplicableToCommonShares": "3171000000"
        },
        "2004-12-31": {
          "date": "2004-12-31",
          "researchDevelopment": "690000000",
          "incomeBeforeTax": "861000000",
          "minorityInterest": "102000000",
          "sellingGeneralAdministrative": "3786000000",
          "grossProfit": "5552000000",
          "operatingIncome": "1133000000",
          "interestExpense": "387000000",
          "incomeTaxExpense": "311000000",
          "totalRevenue": "20721000000",
          "costOfRevenue": "15169000000",
          "netIncomeApplicableToCommonShares": "448000000"
        },
        "2001-12-31": {
          "date": "2001-12-31",
          "researchDevelopment": "654000000",
          "incomeBeforeTax": "45000000",
          "minorityInterest": "70000000",
          "sellingGeneralAdministrative": "4397000000",
          "grossProfit": "5569000000",
          "operatingIncome": "385000000",
          "interestExpense": "802000000",
          "incomeTaxExpense": "105000000",
          "totalRevenue": "23726000000",
          "costOfRevenue": "18157000000"
        },
        "2000-12-31": {
          "date": "2000-12-31",
          "researchDevelopment": "703000000",
          "incomeBeforeTax": "1306000000",
          "minorityInterest": "48000000",
          "netIncome": "1443000000",
          "sellingGeneralAdministrative": "4417000000",
          "grossProfit": "6362000000",
          "operatingIncome": "1109000000",
          "interestExpense": "644000000",
          "incomeTaxExpense": "377000000",
          "totalRevenue": "22967000000",
          "costOfRevenue": "16605000000",
          "netIncomeApplicableToCommonShares": "881000000"
        }
      }
    }
  },
  "SharesStats": {
    "SharesOutstanding": "2132819968",
    "SharesFloat": "1776342515",
    "PercentInsiders": "0",
    "PercentInstitutions": "0.04",
    "SharesShort": "3358481",
    "SharesShortPriorMonth": "3662774",
    "ShortRatio": "1.89",
    "ShortPercentOutstanding": "0"
  },
  "outstandingShares": {
    "annual": {
      "12": {
        "date": "2006",
        "sharesMln": "2248.00"
      },
      "5": {
        "date": "2013",
        "sharesMln": "2305.00"
      },
      "7": {
        "date": "2011",
        "sharesMln": "2291.00"
      },
      "9": {
        "date": "2009",
        "sharesMln": "2284.00"
      },
      "4": {
        "date": "2014",
        "sharesMln": "2295.00"
      },
      "0": {
        "date": "2018",
        "sharesMln": "2139.00"
      },
      "1": {
        "date": "2017",
        "sharesMln": "2148.00"
      },
      "2": {
        "date": "2016",
        "sharesMln": "2154.00"
      },
      "10": {
        "date": "2008",
        "sharesMln": "2296.00"
      },
      "11": {
        "date": "2007",
        "sharesMln": "2308.00"
      },
      "13": {
        "date": "2005",
        "sharesMln": "2138.00"
      },
      "3": {
        "date": "2015",
        "sharesMln": "2230.00"
      },
      "6": {
        "date": "2012",
        "sharesMln": "2295.00"
      },
      "8": {
        "date": "2010",
        "sharesMln": "2291.00"
      }
    },
    "quarterly": {
      "38": {
        "date": "2009-Q4",
        "sharesMln": "2284.00"
      },
      "43": {
        "date": "2008-Q3",
        "sharesMln": "2294.00"
      },
      "46": {
        "date": "2007-Q4",
        "sharesMln": "2308.00"
      },
      "47": {
        "date": "2007-Q3",
        "sharesMln": "2307.00"
      },
      "1": {
        "date": "2019-Q1",
        "sharesMln": "2134.00"
      },
      "8": {
        "date": "2017-Q2",
        "sharesMln": "2151.00"
      },
      "19": {
        "date": "2014-Q3",
        "sharesMln": "2296.00"
      },
      "39": {
        "date": "2009-Q3",
        "sharesMln": "2289.00"
      },
      "4": {
        "date": "2018-Q2",
        "sharesMln": "2138.00"
      },
      "5": {
        "date": "2018-Q1",
        "sharesMln": "2145.00"
      },
      "10": {
        "date": "2016-Q4",
        "sharesMln": "2154.00"
      },
      "53": {
        "date": "2006-Q1",
        "sharesMln": "2152.00"
      },
      "2": {
        "date": "2018-Q4",
        "sharesMln": "2139.00"
      },
      "7": {
        "date": "2017-Q3",
        "sharesMln": "2142.00"
      },
      "40": {
        "date": "2009-Q2",
        "sharesMln": "2286.00"
      },
      "28": {
        "date": "2012-Q2",
        "sharesMln": "2294.00"
      },
      "30": {
        "date": "2011-Q4",
        "sharesMln": "2291.00"
      },
      "44": {
        "date": "2008-Q2",
        "sharesMln": "2300.00"
      },
      "22": {
        "date": "2013-Q4",
        "sharesMln": "2305.00"
      },
      "26": {
        "date": "2012-Q4",
        "sharesMln": "2295.00"
      },
      "27": {
        "date": "2012-Q3",
        "sharesMln": "2295.00"
      },
      "33": {
        "date": "2011-Q1",
        "sharesMln": "2289.00"
      },
      "34": {
        "date": "2010-Q4",
        "sharesMln": "2291.00"
      },
      "37": {
        "date": "2010-Q1",
        "sharesMln": "2295.00"
      },
      "20": {
        "date": "2014-Q2",
        "sharesMln": "2302.00"
      },
      "21": {
        "date": "2014-Q1",
        "sharesMln": "2311.00"
      },
      "32": {
        "date": "2011-Q2",
        "sharesMln": "2292.00"
      },
      "3": {
        "date": "2018-Q3",
        "sharesMln": "2138.00"
      },
      "15": {
        "date": "2015-Q3",
        "sharesMln": "2223.00"
      },
      "31": {
        "date": "2011-Q3",
        "sharesMln": "2291.00"
      },
      "13": {
        "date": "2016-Q1",
        "sharesMln": "2184.00"
      },
      "18": {
        "date": "2014-Q4",
        "sharesMln": "2295.00"
      },
      "24": {
        "date": "2013-Q2",
        "sharesMln": "2304.00"
      },
      "17": {
        "date": "2015-Q1",
        "sharesMln": "2256.00"
      },
      "6": {
        "date": "2017-Q4",
        "sharesMln": "2148.00"
      },
      "9": {
        "date": "2017-Q1",
        "sharesMln": "2148.00"
      },
      "16": {
        "date": "2015-Q2",
        "sharesMln": "2238.00"
      },
      "51": {
        "date": "2006-Q3",
        "sharesMln": "2292.00"
      },
      "54": {
        "date": "2005-Q4",
        "sharesMln": "2138.00"
      },
      "11": {
        "date": "2016-Q3",
        "sharesMln": "2139.00"
      },
      "35": {
        "date": "2010-Q3",
        "sharesMln": "2288.00"
      },
      "48": {
        "date": "2007-Q2",
        "sharesMln": "2310.00"
      },
      "12": {
        "date": "2016-Q2",
        "sharesMln": "2154.00"
      },
      "29": {
        "date": "2012-Q1",
        "sharesMln": "2294.00"
      },
      "49": {
        "date": "2007-Q1",
        "sharesMln": "2304.00"
      },
      "25": {
        "date": "2013-Q1",
        "sharesMln": "2303.00"
      },
      "42": {
        "date": "2008-Q4",
        "sharesMln": "2296.00"
      },
      "0": {
        "date": "2019-Q2",
        "sharesMln": "2132.00"
      },
      "14": {
        "date": "2015-Q4",
        "sharesMln": "2230.00"
      },
      "23": {
        "date": "2013-Q3",
        "sharesMln": "2305.00"
      },
      "41": {
        "date": "2009-Q1",
        "sharesMln": "2285.00"
      },
      "50": {
        "date": "2006-Q4",
        "sharesMln": "2248.00"
      },
      "45": {
        "date": "2008-Q1",
        "sharesMln": "2308.00"
      },
      "36": {
        "date": "2010-Q2",
        "sharesMln": "2293.00"
      },
      "52": {
        "date": "2006-Q2",
        "sharesMln": "2243.00"
      }
    }
  }
}