{
  "LastUpdate": "0001-01-01T00:00:00Z",
  "General": {
    "Code": "ABBN",
    "Type": "Common Stock",
    "Name": "ABB Ltd",
    "Exchange": "SW",
    "CurrencyCode": "CHF",
    "CurrencyName": "Swiss Franc",
    "CurrencySymbol": "CHF",
    "CountryName": "Switzerland",
    "CountryISO": "CH",
    "Sector": "Industrials",
    "Industry": "Diversified Industrials",
    "Description": "ABB Ltd manufactures and sells electrification, industrial automation, and robotics and motion products for customers in utilities, industry and transport, and infrastructure worldwide. Its Electrification Products segment provides electric vehicle charging infrastructure, solar power solutions, modular substation packages, distribution automation products, switchboard and panel boards, switchgears, UPS solutions, circuit breakers, measuring and sensing devices, control products, wiring accessories, enclosures and cabling systems, and intelligent home and building solutions. This segment serves building, data center, rail, wind and solar, distribution utilities, food and beverage, marine, e-mobility, and oil and gas industries. The company's Robotics and Motion segment offers robotics, motors, generators, drives, wind converters, components and systems for railways and related services, and digital solutions for applications in industries, transportation and infrastructure, and utilities. This segment serves machinery manufacturers, process industries, hybrid and batch manufacturers, transportation equipment manufacturers, discrete manufacturing companies, utilities, and customers in the automotive industry. Its Industrial Automation segment provides process and discrete control solutions, advanced process control software and manufacturing execution systems, sensing, measurement and analytical instrumentation and solutions, electric ship propulsion systems, machine and factory automation solutions, and turbochargers, as well as remote monitoring, preventive maintenance, and cybersecurity services. This segment serves companies in the oil and gas, minerals and mining, metals, pulp and paper, chemicals and pharmaceuticals, food and beverage, power generation, and marine industries. ABB Ltd has a strategic collaboration with IBM. ABB Ltd was founded in 1883 and is headquartered in Zurich, Switzerland.",
    "ISIN": "CH0012221716",
    "FullTimeEmployees": 147000,
    "UpdatedAt": "2019-10-03",
    "LogoURL": "/img/logos/SW/ABBN.png"
  },
  "Highlights": {
    "MarketCapitalization": "39510491136",
    "MarketCapitalizationMln": "39510.4911",
    "EBITDA": "3142000128",
    "PERatio": "26.0183",
    "WallStreetTargetPrice": "24.05",
    "BookValue": "6.048",
    "DividendShare": "0.8",
    "DividendYield": "0.0408",
    "EarningsShare": "0.712",
    "MostRecentQuarter": "2019-06-30",
    "ProfitMargin": "0.0533",
    "OperatingMarginTTM": "0.0784",
    "ReturnOnAssetsTTM": "0.0308",
    "ReturnOnEquityTTM": "0.0724",
    "RevenueTTM": "28508000256",
    "RevenuePerShareTTM": "13.371",
    "QuarterlyRevenueGrowthYOY": "0.065",
    "GrossProfitTTM": "8603000000",
    "DilutedEpsTTM": "0.712",
    "QuarterlyEarningsGrowthYOY": "-0.906"
  },
  "Valuation": {
    "TrailingPE": "26.0183",
    "PriceBookMRQ": "3.063",
    "EnterpriseValueRevenue": "1.745",
    "EnterpriseValueEbitda": "15.834"
  },
  "Technicals": {
    "Beta": "1.184",
    "52WeekHigh": "22.87",
    "52WeekLow": "17.25",
    "50DayMA": "19.0666",
    "200DayMA": "19.1888"
  },
  "SplitsDividends": {
    "ForwardAnnualDividendRate": "0.8",
    "ForwardAnnualDividendYield": "0.0408",
    "PayoutRatio": "1.7831",
    "DividendDate": "2019-05-08",
    "ExDividendDate": "2019-05-06",
    "LastSplitFactor": "1/4",
    "LastSplitDate": "2001-05-07",
    "NumberDividendsByYear": {
      "11": {
        "Year": 2015,
        "Count": 1
      },
      "13": {
        "Year": 2017,
        "Count": 1
      },
      "2": {
        "Year": 2006,
        "Count": 1
      },
      "4": {
        "Year": 2008,
        "Count": 1
      },
      "9": {
        "Year": 2013,
        "Count": 1
      },
      "12": {
        "Year": 2016,
        "Count": 1
      },
      "7": {
        "Year": 2011,
        "Count": 1
      },
      "15": {
        "Year": 2019,
        "Count": 1
      },
      "1": {
        "Year": 2001,
        "Count": 1
      },
      "6": {
        "Year": 2010,
        "Count": 1
      },
      "5": {
        "Year": 2009,
        "Count": 1
      },
      "8": {
        "Year": 2012,
        "Count": 1
      },
      "10": {
        "Year": 2014,
        "Count": 1
      },
      "14": {
        "Year": 2018,
        "Count": 1
      },
      "0": {
        "Year": 2000,
        "Count": 1
      },
      "3": {
        "Year": 2007,
        "Count": 1
      }
    }
  },
  "Earnings": {
    "History": {
      "2020-07-23": {
        "date": "2020-07-23",
        "reportDate": "2020-07-23"
      },
      "2019-07-25": {
        "date": "2019-07-25",
        "reportDate": "2019-07-25"
      },
      "2018-09-30": {
        "date": "2018-09-30",
        "reportDate": "2018-10-25",
        "epsActual": "0.34",
        "epsEstimate": "0.35",
        "epsDifference": "-0.01",
        "surprisePercent": "-2.86"
      },
      "2017-12-31": {
        "date": "2017-12-31"
      },
      "2018-03-31": {
        "date": "2018-03-31",
        "reportDate": "2018-04-19",
        "epsActual": "0.31",
        "epsEstimate": "0.29",
        "epsDifference": "0.02",
        "surprisePercent": "6.9"
      },
      "2020-04-15": {
        "date": "2020-04-15",
        "reportDate": "2020-04-15"
      },
      "2020-02-05": {
        "date": "2020-02-05",
        "reportDate": "2020-02-05"
      },
      "2019-10-23": {
        "date": "2019-10-23",
        "reportDate": "2019-10-23"
      },
      "2019-04-17": {
        "date": "2019-04-17",
        "reportDate": "2019-04-17"
      },
      "2018-06-30": {
        "date": "2018-06-30",
        "reportDate": "2018-07-19",
        "epsActual": "0.38",
        "epsEstimate": "0.34",
        "epsDifference": "0.04",
        "surprisePercent": "11.76"
      }
    },
    "Trend": {
      "2019-12-31": {
        "date": "2019-12-31",
        "period": "+1y",
        "earningsEstimateAvg": "0",
        "earningsEstimateLow": "0",
        "earningsEstimateHigh": "0",
        "earningsEstimateNumberOfAnalysts": "0",
        "revenueEstimateAvg": "38609500000",
        "revenueEstimateLow": "36172000000",
        "revenueEstimateHigh": "41205000000",
        "revenueEstimateNumberOfAnalysts": "22",
        "revenueEstimateGrowth": "0.051",
        "epsTrendCurrent": "0",
        "epsTrend7daysAgo": "1.48",
        "epsTrend30daysAgo": "1.48",
        "epsTrend60daysAgo": "1.48",
        "epsTrend90daysAgo": "1.48",
        "epsRevisionsUpLast7days": "0",
        "epsRevisionsUpLast30days": "1",
        "epsRevisionsDownLast30days": "1"
      },
      "2019-03-31": {
        "date": "2019-03-31",
        "period": "+1q",
        "earningsEstimateAvg": "0",
        "earningsEstimateLow": "0",
        "earningsEstimateHigh": "0",
        "earningsEstimateYearAgoEps": "0.31",
        "earningsEstimateNumberOfAnalysts": "0",
        "revenueEstimateAvg": "9068210000",
        "revenueEstimateLow": "8769100000",
        "revenueEstimateHigh": "9367320000",
        "revenueEstimateNumberOfAnalysts": "2",
        "revenueEstimateGrowth": "0.051",
        "epsTrendCurrent": "0",
        "epsTrend7daysAgo": "0.19",
        "epsTrend30daysAgo": "0.19",
        "epsTrend60daysAgo": "0.19",
        "epsTrend90daysAgo": "0.19",
        "epsRevisionsUpLast7days": "0",
        "epsRevisionsUpLast30days": "0",
        "epsRevisionsDownLast30days": "1"
      },
      "2018-12-31": {
        "date": "2018-12-31",
        "period": "0y",
        "earningsEstimateAvg": "0",
        "earningsEstimateLow": "0",
        "earningsEstimateHigh": "0",
        "earningsEstimateNumberOfAnalysts": "0",
        "revenueEstimateAvg": "36721600000",
        "revenueEstimateLow": "36353200000",
        "revenueEstimateHigh": "37523100000",
        "revenueEstimateNumberOfAnalysts": "21",
        "revenueEstimateGrowth": "0.07",
        "epsTrendCurrent": "0",
        "epsTrend7daysAgo": "1.35",
        "epsTrend30daysAgo": "1.35",
        "epsTrend60daysAgo": "1.35",
        "epsTrend90daysAgo": "1.35",
        "epsRevisionsUpLast7days": "0",
        "epsRevisionsUpLast30days": "3",
        "epsRevisionsDownLast30days": "1"
      }
    },
    "Annual": {
      "2019-07-25": {
        "date": "2019-07-25",
        "epsActual": "1.03"
      },
      "2017-12-31": {
        "date": "2017-12-31",
        "epsActual": "0"
      }
    }
  },
  "Financials": {
    "Balance_Sheet": {
      "currency_symbol": "USD",
      "quarterly": {
        "2019-06-30": {
          "date": "2019-06-30",
          "intangibleAssets": "2428000000",
          "totalLiab": "32081000000",
          "totalStockholderEquity": "12900000000",
          "otherCurrentLiab": "12365000000",
          "totalAssets": "45464000000",
          "commonStock": "188000000",
          "otherCurrentAssets": "9711000000",
          "retainedEarnings": "18800000000",
          "otherLiab": "4223000000",
          "goodWill": "10873000000",
          "otherAssets": "1608000000",
          "cash": "2512000000",
          "totalCurrentLiabilities": "19177000000",
          "shortLongTermDebt": "315000000",
          "otherStockholderEquity": "-5349000000",
          "propertyPlantEquipment": "5054000000",
          "totalCurrentAssets": "25321000000",
          "longTermInvestments": "180000000",
          "netTangibleAssets": "-401000000",
          "shortTermInvestments": "716000000",
          "netReceivables": "7676000000",
          "longTermDebt": "7799000000",
          "inventory": "4456000000",
          "accountsPayable": "4107000000"
        },
        "2019-03-31": {
          "date": "2019-03-31",
          "intangibleAssets": "2527000000",
          "totalLiab": "30500000000",
          "totalStockholderEquity": "14495000000",
          "otherCurrentLiab": "11911000000",
          "totalAssets": "45602000000",
          "commonStock": "188000000",
          "otherCurrentAssets": "5936000000",
          "retainedEarnings": "20411000000",
          "otherLiab": "4872000000",
          "goodWill": "10765000000",
          "otherAssets": "5167000000",
          "cash": "2734000000",
          "totalCurrentLiabilities": "17783000000",
          "shortLongTermDebt": "14000000",
          "otherStockholderEquity": "-5355000000",
          "propertyPlantEquipment": "5185000000",
          "totalCurrentAssets": "21807000000",
          "longTermInvestments": "151000000",
          "netTangibleAssets": "1203000000",
          "shortTermInvestments": "833000000",
          "netReceivables": "7593000000",
          "longTermDebt": "6899000000",
          "inventory": "4459000000",
          "accountsPayable": "4081000000"
        },
        "2018-12-31": {
          "date": "2018-12-31",
          "intangibleAssets": "2607000000",
          "totalLiab": "29907000000",
          "totalStockholderEquity": "13952000000",
          "otherCurrentLiab": "9091000000",
          "totalAssets": "44441000000",
          "commonStock": "188000000",
          "otherCurrentAssets": "5780000000",
          "retainedEarnings": "19839000000",
          "otherLiab": "4872000000",
          "goodWill": "10764000000",
          "otherAssets": "4950000000",
          "cash": "3445000000",
          "totalCurrentLiabilities": "18447000000",
          "shortLongTermDebt": "1449000000",
          "otherStockholderEquity": "-5311000000",
          "propertyPlantEquipment": "4133000000",
          "totalCurrentAssets": "21865000000",
          "longTermInvestments": "122000000",
          "netTangibleAssets": "581000000",
          "shortTermInvestments": "712000000",
          "netReceivables": "7468000000",
          "longTermDebt": "6458000000",
          "inventory": "4284000000",
          "accountsPayable": "4424000000"
        },
        "2018-09-30": {
          "date": "2018-09-30",
          "intangibleAssets": "2894000000",
          "totalLiab": "30003000000",
          "totalStockholderEquity": "14103000000",
          "otherCurrentLiab": "9850000000",
          "totalAssets": "44652000000",
          "commonStock": "188000000",
          "otherCurrentAssets": "720000000",
          "retainedEarnings": "19522000000",
          "otherLiab": "4809000000",
          "goodWill": "12426000000",
          "otherAssets": "1610000000",
          "cash": "2604000000",
          "totalCurrentLiabilities": "18558000000",
          "shortLongTermDebt": "1819000000",
          "otherStockholderEquity": "-4826000000",
          "propertyPlantEquipment": "5580000000",
          "totalCurrentAssets": "21955000000",
          "longTermInvestments": "187000000",
          "netTangibleAssets": "-1217000000",
          "shortTermInvestments": "953000000",
          "netReceivables": "11285000000",
          "longTermDebt": "6477000000",
          "inventory": "6077000000",
          "accountsPayable": "5825000000"
        },
        "2018-06-30": {
          "date": "2018-06-30",
          "intangibleAssets": "2959000000",
          "totalLiab": "31012000000",
          "totalStockholderEquity": "13626000000",
          "otherCurrentLiab": "9666000000",
          "totalAssets": "45191000000",
          "commonStock": "188000000",
          "otherCurrentAssets": "730000000",
          "retainedEarnings": "18919000000",
          "otherLiab": "4959000000",
          "goodWill": "12402000000",
          "otherAssets": "1675000000",
          "cash": "3283000000",
          "totalCurrentLiabilities": "19385000000",
          "shortLongTermDebt": "1819000000",
          "otherStockholderEquity": "-4683000000",
          "propertyPlantEquipment": "5621000000",
          "totalCurrentAssets": "22343000000",
          "longTermInvestments": "191000000",
          "netTangibleAssets": "-1735000000",
          "shortTermInvestments": "794000000",
          "netReceivables": "11282000000",
          "longTermDebt": "6489000000",
          "inventory": "5934000000",
          "accountsPayable": "5933000000"
        }
      },
      "yearly": {
        "2018-12-31": {
          "date": "2018-12-31",
          "intangibleAssets": "2607000000",
          "totalLiab": "29907000000",
          "totalStockholderEquity": "13952000000",
          "otherCurrentLiab": "9091000000",
          "totalAssets": "44441000000",
          "commonStock": "188000000",
          "otherCurrentAssets": "5780000000",
          "retainedEarnings": "19839000000",
          "otherLiab": "4872000000",
          "goodWill": "10764000000",
          "otherAssets": "4950000000",
          "cash": "3445000000",
          "totalCurrentLiabilities": "18447000000",
          "shortLongTermDebt": "1449000000",
          "otherStockholderEquity": "-5311000000",
          "propertyPlantEquipment": "4133000000",
          "totalCurrentAssets": "21865000000",
          "longTermInvestments": "122000000",
          "netTangibleAssets": "581000000",
          "shortTermInvestments": "712000000",
          "netReceivables": "7468000000",
          "longTermDebt": "6458000000",
          "inventory": "4284000000",
          "accountsPayable": "4424000000"
        },
        "2017-12-31": {
          "date": "2017-12-31",
          "intangibleAssets": "2425000000",
          "totalLiab": "28109000000",
          "totalStockholderEquity": "14819000000",
          "otherCurrentLiab": "9419000000",
          "totalAssets": "43458000000",
          "commonStock": "188000000",
          "otherCurrentAssets": "5628000000",
          "retainedEarnings": "19594000000",
          "otherLiab": "4954000000",
          "goodWill": "9536000000",
          "otherAssets": "5445000000",
          "cash": "4526000000",
          "totalCurrentLiabilities": "16469000000",
          "shortLongTermDebt": "379000000",
          "otherStockholderEquity": "-4345000000",
          "propertyPlantEquipment": "3804000000",
          "totalCurrentAssets": "22135000000",
          "longTermInvestments": "113000000",
          "netTangibleAssets": "2858000000",
          "shortTermInvestments": "1083000000",
          "netReceivables": "7002000000",
          "longTermDebt": "6571000000",
          "inventory": "3737000000",
          "accountsPayable": "3736000000"
        },
        "2016-12-31": {
          "date": "2016-12-31",
          "intangibleAssets": "1952000000",
          "totalLiab": "25305000000",
          "totalStockholderEquity": "13395000000",
          "otherCurrentLiab": "6831000000",
          "totalAssets": "39202000000",
          "commonStock": "192000000",
          "otherCurrentAssets": "1234000000",
          "retainedEarnings": "19925000000",
          "otherLiab": "4356000000",
          "goodWill": "9501000000",
          "otherAssets": "1663000000",
          "cash": "3644000000",
          "totalCurrentLiabilities": "15149000000",
          "shortLongTermDebt": "845000000",
          "otherStockholderEquity": "-5187000000",
          "propertyPlantEquipment": "4743000000",
          "totalCurrentAssets": "21052000000",
          "longTermInvestments": "291000000",
          "netTangibleAssets": "1942000000",
          "shortTermInvestments": "1953000000",
          "netReceivables": "9696000000",
          "longTermDebt": "5709000000",
          "inventory": "4347000000",
          "accountsPayable": "4446000000"
        },
        "2015-12-31": {
          "date": "2015-12-31",
          "intangibleAssets": "2293000000",
          "totalLiab": "26368000000",
          "totalStockholderEquity": "14481000000",
          "otherCurrentLiab": "7127000000",
          "totalAssets": "41356000000",
          "commonStock": "1444000000",
          "otherCurrentAssets": "1513000000",
          "retainedEarnings": "20476000000",
          "otherLiab": "4538000000",
          "goodWill": "9671000000",
          "otherAssets": "1034000000",
          "cash": "4565000000",
          "totalCurrentLiabilities": "15844000000",
          "shortLongTermDebt": "1149000000",
          "otherStockholderEquity": "-4858000000",
          "propertyPlantEquipment": "5276000000",
          "totalCurrentAssets": "22760000000",
          "longTermInvestments": "322000000",
          "netTangibleAssets": "2517000000",
          "shortTermInvestments": "1633000000",
          "netReceivables": "10061000000",
          "longTermDebt": "5890000000",
          "inventory": "4757000000",
          "accountsPayable": "4342000000"
        }
      }
    },
    "Cash_Flow": {
      "currency_symbol": "USD",
      "quarterly": {
        "2018-12-31": {
          "date": "2018-12-31",
          "investments": "186000000",
          "changeToLiabilities": "306000000",
          "totalCashflowsFromInvestingActivities": "-84000000",
          "netBorrowings": "-837000000",
          "totalCashFromFinancingActivities": "-916000000",
          "changeToOperatingActivities": "487000000",
          "netIncome": "317000000",
          "changeInCash": "841000000",
          "totalCashFromOperatingActivities": "1867000000",
          "depreciation": "244000000",
          "otherCashflowsFromInvestingActivities": "-39000000",
          "dividendsPaid": "-1675000000",
          "changeToInventory": "125000000",
          "changeToAccountReceivables": "192000000",
          "otherCashflowsFromFinancingActivities": "-79000000",
          "changeToNetincome": "202000000",
          "capitalExpenditures": "235000000"
        },
        "2018-09-30": {
          "date": "2018-09-30",
          "investments": "-164000000",
          "changeToLiabilities": "-56000000",
          "totalCashflowsFromInvestingActivities": "-314000000",
          "netBorrowings": "-910000000",
          "totalCashFromFinancingActivities": "-880000000",
          "changeToOperatingActivities": "277000000",
          "netIncome": "603000000",
          "changeInCash": "-679000000",
          "totalCashFromOperatingActivities": "565000000",
          "depreciation": "303000000",
          "otherCashflowsFromInvestingActivities": "-24000000",
          "dividendsPaid": "-1675000000",
          "changeToInventory": "-176000000",
          "changeToAccountReceivables": "-260000000",
          "otherCashflowsFromFinancingActivities": "30000000",
          "changeToNetincome": "-117000000",
          "capitalExpenditures": "239000000"
        },
        "2018-06-30": {
          "date": "2018-06-30",
          "investments": "-2000000",
          "changeToLiabilities": "432000000",
          "totalCashflowsFromInvestingActivities": "-2842000000",
          "netBorrowings": "2871000000",
          "totalCashFromFinancingActivities": "1071000000",
          "changeToOperatingActivities": "-71000000",
          "netIncome": "681000000",
          "changeInCash": "-879000000",
          "totalCashFromOperatingActivities": "1010000000",
          "depreciation": "280000000",
          "otherCashflowsFromInvestingActivities": "-149000000",
          "dividendsPaid": "-1717000000",
          "changeToInventory": "-198000000",
          "changeToAccountReceivables": "-144000000",
          "otherCashflowsFromFinancingActivities": "-123000000",
          "changeToNetincome": "79000000",
          "capitalExpenditures": "197000000"
        },
        "2019-06-30": {
          "date": "2019-06-30",
          "investments": "50000000",
          "changeToLiabilities": "112000000",
          "totalCashflowsFromInvestingActivities": "-172000000",
          "netBorrowings": "1736000000",
          "totalCashFromFinancingActivities": "-30000000",
          "changeToOperatingActivities": "-503000000",
          "netIncome": "64000000",
          "changeInCash": "-222000000",
          "depreciation": "249000000",
          "otherCashflowsFromInvestingActivities": "-94000000",
          "dividendsPaid": "-1675000000",
          "changeToInventory": "-73000000",
          "changeToAccountReceivables": "-180000000",
          "otherCashflowsFromFinancingActivities": "-91000000",
          "changeToNetincome": "372000000",
          "capitalExpenditures": "169000000"
        },
        "2019-03-31": {
          "date": "2019-03-31",
          "investments": "-110000000",
          "changeToLiabilities": "-307000000",
          "totalCashflowsFromInvestingActivities": "-334000000",
          "netBorrowings": "-123000000",
          "totalCashFromFinancingActivities": "-133000000",
          "changeToOperatingActivities": "-18000000",
          "netIncome": "535000000",
          "changeInCash": "-711000000",
          "totalCashFromOperatingActivities": "-256000000",
          "depreciation": "231000000",
          "otherCashflowsFromInvestingActivities": "-42000000",
          "dividendsPaid": "-1675000000",
          "changeToInventory": "-213000000",
          "changeToAccountReceivables": "-113000000",
          "otherCashflowsFromFinancingActivities": "-10000000",
          "changeToNetincome": "-382000000",
          "capitalExpenditures": "207000000"
        }
      },
      "yearly": {
        "2018-12-31": {
          "date": "2018-12-31",
          "investments": "405000000",
          "changeToLiabilities": "454000000",
          "totalCashflowsFromInvestingActivities": "-3085000000",
          "netBorrowings": "1305000000",
          "totalCashFromFinancingActivities": "-789000000",
          "changeToOperatingActivities": "196000000",
          "netIncome": "2173000000",
          "changeInCash": "-1081000000",
          "totalCashFromOperatingActivities": "2924000000",
          "depreciation": "857000000",
          "otherCashflowsFromInvestingActivities": "-239000000",
          "dividendsPaid": "-1717000000",
          "changeToInventory": "-336000000",
          "changeToAccountReceivables": "-162000000",
          "otherCashflowsFromFinancingActivities": "-169000000",
          "changeToNetincome": "-215000000",
          "capitalExpenditures": "772000000"
        },
        "2017-12-31": {
          "date": "2017-12-31",
          "investments": "877000000",
          "changeToLiabilities": "474000000",
          "totalCashflowsFromInvestingActivities": "-1450000000",
          "netBorrowings": "124000000",
          "totalCashFromFinancingActivities": "-1735000000",
          "changeToOperatingActivities": "201000000",
          "netIncome": "2213000000",
          "changeInCash": "882000000",
          "totalCashFromOperatingActivities": "3799000000",
          "depreciation": "786000000",
          "otherCashflowsFromInvestingActivities": "-232000000",
          "dividendsPaid": "-1635000000",
          "changeToInventory": "-66000000",
          "changeToAccountReceivables": "-172000000",
          "otherCashflowsFromFinancingActivities": "-136000000",
          "changeToNetincome": "111000000",
          "capitalExpenditures": "752000000"
        },
        "2016-12-31": {
          "date": "2016-12-31",
          "investments": "-465000000",
          "changeToLiabilities": "186000000",
          "totalCashflowsFromInvestingActivities": "-1305000000",
          "netBorrowings": "-475000000",
          "totalCashFromFinancingActivities": "-3355000000",
          "changeToOperatingActivities": "198000000",
          "netIncome": "1899000000",
          "changeInCash": "-921000000",
          "totalCashFromOperatingActivities": "3843000000",
          "depreciation": "820000000",
          "otherCashflowsFromInvestingActivities": "-240000000",
          "dividendsPaid": "-1635000000",
          "changeToInventory": "185000000",
          "changeToAccountReceivables": "-156000000",
          "otherCashflowsFromFinancingActivities": "-163000000",
          "changeToNetincome": "546000000",
          "capitalExpenditures": "632000000"
        },
        "2015-12-31": {
          "date": "2015-12-31",
          "investments": "-430000000",
          "changeToLiabilities": "29000000",
          "totalCashflowsFromInvestingActivities": "-974000000",
          "netBorrowings": "-30000000",
          "totalCashFromFinancingActivities": "-3380000000",
          "changeToOperatingActivities": "394000000",
          "netIncome": "1933000000",
          "changeInCash": "-878000000",
          "totalCashFromOperatingActivities": "3818000000",
          "depreciation": "1079000000",
          "otherCashflowsFromInvestingActivities": "251000000",
          "dividendsPaid": "-1357000000",
          "changeToInventory": "105000000",
          "changeToAccountReceivables": "162000000",
          "otherCashflowsFromFinancingActivities": "-221000000",
          "changeToNetincome": "67000000",
          "capitalExpenditures": "876000000"
        }
      }
    },
    "Income_Statement": {
      "currency_symbol": "USD",
      "quarterly": {
        "2019-06-30": {
          "date": "2019-06-30",
          "researchDevelopment": "299000000",
          "incomeBeforeTax": "101000000",
          "minorityInterest": "483000000",
          "netIncome": "64000000",
          "sellingGeneralAdministrative": "1385000000",
          "grossProfit": "2311000000",
          "ebit": "648000000",
          "operatingIncome": "648000000",
          "otherOperatingExpenses": "-21000000",
          "interestExpense": "-2000000",
          "incomeTaxExpense": "155000000",
          "totalRevenue": "7171000000",
          "totalOperatingExpenses": "6523000000",
          "costOfRevenue": "4860000000",
          "totalOtherIncomeExpenseNet": "-547000000",
          "discontinuedOperations": "142000000",
          "netIncomeFromContinuingOps": "-54000000",
          "netIncomeApplicableToCommonShares": "64000000"
        },
        "2019-03-31": {
          "date": "2019-03-31",
          "researchDevelopment": "285000000",
          "incomeBeforeTax": "570000000",
          "minorityInterest": "607000000",
          "netIncome": "535000000",
          "sellingGeneralAdministrative": "1321000000",
          "grossProfit": "2248000000",
          "ebit": "681000000",
          "operatingIncome": "681000000",
          "otherOperatingExpenses": "-39000000",
          "interestExpense": "-42000000",
          "incomeTaxExpense": "155000000",
          "totalRevenue": "6847000000",
          "totalOperatingExpenses": "6166000000",
          "costOfRevenue": "4599000000",
          "totalOtherIncomeExpenseNet": "-111000000",
          "discontinuedOperations": "149000000",
          "netIncomeFromContinuingOps": "415000000",
          "netIncomeApplicableToCommonShares": "535000000"
        },
        "2018-12-31": {
          "date": "2018-12-31",
          "researchDevelopment": "326000000",
          "incomeBeforeTax": "226000000",
          "minorityInterest": "582000000",
          "netIncome": "317000000",
          "sellingGeneralAdministrative": "1396000000",
          "grossProfit": "2136000000",
          "ebit": "415000000",
          "operatingIncome": "415000000",
          "otherOperatingExpenses": "-1000000",
          "interestExpense": "-82000000",
          "incomeTaxExpense": "16000000",
          "totalRevenue": "7395000000",
          "totalOperatingExpenses": "6980000000",
          "costOfRevenue": "5259000000",
          "totalOtherIncomeExpenseNet": "-189000000",
          "discontinuedOperations": "135000000",
          "netIncomeFromContinuingOps": "210000000",
          "netIncomeApplicableToCommonShares": "317000000"
        },
        "2018-09-30": {
          "date": "2018-09-30",
          "researchDevelopment": "328000000",
          "incomeBeforeTax": "859000000",
          "minorityInterest": "546000000",
          "netIncome": "603000000",
          "sellingGeneralAdministrative": "1524000000",
          "grossProfit": "2667000000",
          "ebit": "871000000",
          "operatingIncome": "871000000",
          "otherOperatingExpenses": "-56000000",
          "interestExpense": "-73000000",
          "incomeTaxExpense": "223000000",
          "totalRevenue": "9257000000",
          "totalOperatingExpenses": "8386000000",
          "costOfRevenue": "6590000000",
          "totalOtherIncomeExpenseNet": "-12000000",
          "discontinuedOperations": "135000000",
          "netIncomeFromContinuingOps": "636000000",
          "netIncomeApplicableToCommonShares": "603000000"
        },
        "2018-06-30": {
          "date": "2018-06-30",
          "researchDevelopment": "346000000",
          "incomeBeforeTax": "973000000",
          "minorityInterest": "553000000",
          "netIncome": "681000000",
          "sellingGeneralAdministrative": "1404000000",
          "grossProfit": "2729000000",
          "ebit": "999000000",
          "operatingIncome": "999000000",
          "otherOperatingExpenses": "-20000000",
          "interestExpense": "-62000000",
          "incomeTaxExpense": "264000000",
          "totalRevenue": "8889000000",
          "totalOperatingExpenses": "7890000000",
          "costOfRevenue": "6160000000",
          "totalOtherIncomeExpenseNet": "-26000000",
          "discontinuedOperations": "8000000",
          "netIncomeFromContinuingOps": "709000000",
          "netIncomeApplicableToCommonShares": "681000000"
        }
      },
      "yearly": {
        "2015-12-31": {
          "date": "2015-12-31",
          "researchDevelopment": "1368000000",
          "incomeBeforeTax": "2840000000",
          "minorityInterest": "507000000",
          "netIncome": "1933000000",
          "sellingGeneralAdministrative": "5387000000",
          "grossProfit": "10418000000",
          "ebit": "3663000000",
          "operatingIncome": "3663000000",
          "interestExpense": "-572000000",
          "incomeTaxExpense": "788000000",
          "totalRevenue": "35481000000",
          "totalOperatingExpenses": "31818000000",
          "costOfRevenue": "25063000000",
          "totalOtherIncomeExpenseNet": "-823000000",
          "discontinuedOperations": "3000000",
          "netIncomeFromContinuingOps": "2052000000",
          "netIncomeApplicableToCommonShares": "1933000000"
        },
        "2018-12-31": {
          "date": "2018-12-31",
          "researchDevelopment": "1142000000",
          "incomeBeforeTax": "2119000000",
          "minorityInterest": "582000000",
          "netIncome": "2173000000",
          "sellingGeneralAdministrative": "5137000000",
          "grossProfit": "8603000000",
          "ebit": "2324000000",
          "operatingIncome": "2324000000",
          "interestExpense": "-305000000",
          "incomeTaxExpense": "544000000",
          "totalRevenue": "27662000000",
          "totalOperatingExpenses": "25338000000",
          "costOfRevenue": "19059000000",
          "totalOtherIncomeExpenseNet": "-205000000",
          "discontinuedOperations": "723000000",
          "netIncomeFromContinuingOps": "1575000000",
          "netIncomeApplicableToCommonShares": "2173000000"
        },
        "2017-12-31": {
          "date": "2017-12-31",
          "researchDevelopment": "1018000000",
          "incomeBeforeTax": "2102000000",
          "minorityInterest": "530000000",
          "netIncome": "2213000000",
          "sellingGeneralAdministrative": "4757000000",
          "grossProfit": "7918000000",
          "ebit": "2143000000",
          "operatingIncome": "2143000000",
          "interestExpense": "-254000000",
          "incomeTaxExpense": "583000000",
          "totalRevenue": "25196000000",
          "totalOperatingExpenses": "23053000000",
          "costOfRevenue": "17278000000",
          "totalOtherIncomeExpenseNet": "-41000000",
          "discontinuedOperations": "846000000",
          "netIncomeFromContinuingOps": "1519000000",
          "netIncomeApplicableToCommonShares": "2213000000"
        },
        "2016-12-31": {
          "date": "2016-12-31",
          "researchDevelopment": "961000000",
          "incomeBeforeTax": "1761000000",
          "minorityInterest": "502000000",
          "netIncome": "1899000000",
          "sellingGeneralAdministrative": "4531000000",
          "grossProfit": "7659000000",
          "ebit": "2167000000",
          "operatingIncome": "2167000000",
          "interestExpense": "-159000000",
          "incomeTaxExpense": "526000000",
          "totalRevenue": "24929000000",
          "totalOperatingExpenses": "22762000000",
          "costOfRevenue": "17270000000",
          "totalOtherIncomeExpenseNet": "-406000000",
          "discontinuedOperations": "799000000",
          "netIncomeFromContinuingOps": "1235000000",
          "netIncomeApplicableToCommonShares": "1899000000"
        }
      }
    }
  },
  "SharesStats": {
    "SharesOutstanding": "2131960064",
    "SharesFloat": "1776342515"
  },
  "outstandingShares": {}
}