{
  "LastUpdate": "0001-01-01T00:00:00Z",
  "General": {
    "Code": "NEPT",
    "Type": "Common Stock",
    "Name": "Neptune Wellness Solutions Inc",
    "Exchange": "TO",
    "CurrencyCode": "CAD",
    "CurrencyName": "Canadian Dollar",
    "CurrencySymbol": "C$",
    "CountryName": "Canada",
    "CountryISO": "CA",
    "Sector": "Healthcare",
    "Industry": "Drug Manufacturersâ€”Specialty \u0026 Generic",
    "Description": "Neptune Wellness Solutions Inc., a health and wellness products company, engages in the extraction, purification, and formulation of value-added differentiated science based products. The company operates in the areas of legal cannabis, ingredients, turnkey solutions, pet supplements, and consumer brands. It develops turnkey nutrition product solutions in various delivery forms. The company offers specialty ingredients, such as MaxSimil, a patented ingredient that enhances the absorption of lipid-based nutraceuticals, and various other marine and seed oils. Its custom formulations are available in various delivery forms, such as softgels, liquid solutions, nutritional emulsions, and chewables. The company has a strategic collaboration with International Flavors \u0026 Fragrances Inc. to co-develop hemp-derived CBD products for the United States market. Neptune Wellness Solutions Inc. was founded in 1998 and is headquartered in Laval, Canada.",
    "FullTimeEmployees": 74,
    "UpdatedAt": "2019-11-27",
    "LogoURL": ""
  },
  "Highlights": {
    "MarketCapitalization": "343501728",
    "MarketCapitalizationMln": "343.5017",
    "EBITDA": "-13153421",
    "WallStreetTargetPrice": "7.03",
    "BookValue": "1.496",
    "DividendYield": "0",
    "EarningsShare": "-0.319",
    "EPSEstimateCurrentQuarter": "0.01",
    "MostRecentQuarter": "2019-09-30",
    "ProfitMargin": "-1.8751",
    "OperatingMarginTTM": "-1.2265",
    "ReturnOnAssetsTTM": "-0.1004",
    "ReturnOnEquityTTM": "-0.3872",
    "RevenueTTM": "23075602",
    "RevenuePerShareTTM": "0.279",
    "QuarterlyRevenueGrowthYOY": "-0.079",
    "GrossProfitTTM": "7614448",
    "DilutedEpsTTM": "-0.523"
  },
  "Valuation": {
    "ForwardPE": "30.5833",
    "PriceBookMRQ": "2.4532",
    "EnterpriseValueRevenue": "13.741",
    "EnterpriseValueEbitda": "-13.38"
  },
  "Technicals": {
    "Beta": "1.5703",
    "52WeekHigh": "8.6",
    "52WeekLow": "3.25",
    "50DayMA": "4.2774",
    "200DayMA": "5.5074",
    "SharesShort": "2835298",
    "SharesShortPriorMonth": "2750449",
    "ShortRatio": "17.83"
  },
  "SplitsDividends": {
    "ForwardAnnualDividendYield": "0",
    "PayoutRatio": "0",
    "DividendDate": "0000-00-00",
    "ExDividendDate": "2008-07-24",
    "LastSplitDate": "0000-00-00"
  },
  "Earnings": {
    "History": [
      {
        "date": "2020-11-09",
        "reportDate": "2020-11-09"
      },
      {
        "date": "2020-08-12",
        "reportDate": "2020-08-12"
      },
      {
        "date": "2020-06-10",
        "reportDate": "2020-06-10"
      },
      {
        "date": "2020-02-11",
        "reportDate": "2020-02-11"
      },
      {
        "date": "2019-09-30",
        "reportDate": "2019-11-11",
        "epsActual": "-0.17",
        "epsEstimate": "-0.02",
        "epsDifference": "-0.15",
        "surprisePercent": "0"
      },
      {
        "date": "2019-06-30",
        "reportDate": "2019-06-12",
        "epsActual": "-0.06",
        "epsEstimate": "-0.03",
        "epsDifference": "-0.03",
        "surprisePercent": "0"
      },
      {
        "date": "2019-03-31",
        "epsActual": "-0.05",
        "epsEstimate": "-0.02",
        "epsDifference": "-0.03",
        "surprisePercent": "0"
      },
      {
        "date": "2018-12-31",
        "reportDate": "2019-02-13",
        "epsActual": "0",
        "epsEstimate": "0",
        "epsDifference": "0",
        "surprisePercent": "0"
      },
      {
        "date": "2018-09-30",
        "reportDate": "2018-11-13",
        "epsActual": "0.01",
        "epsEstimate": "-0.02",
        "epsDifference": "0.03",
        "surprisePercent": "150"
      },
      {
        "date": "2018-06-30",
        "reportDate": "2018-06-05",
        "epsActual": "0",
        "epsEstimate": "-0.02",
        "epsDifference": "0.02",
        "surprisePercent": "100"
      },
      {
        "date": "2018-03-31",
        "reportDate": "2018-05-05",
        "epsActual": "-0.02",
        "epsEstimate": "-0.02",
        "epsDifference": "0",
        "surprisePercent": "0"
      },
      {
        "date": "2017-12-31",
        "reportDate": "2018-02-14",
        "epsActual": "-0.04",
        "epsEstimate": "-0.02",
        "epsDifference": "-0.02",
        "surprisePercent": "-66.67"
      },
      {
        "date": "2017-09-30",
        "epsActual": "-0.03",
        "epsEstimate": "0",
        "epsDifference": "-0.03"
      },
      {
        "date": "2017-06-30",
        "epsActual": "-0.02",
        "epsEstimate": "-0.01",
        "epsDifference": "-0.01",
        "surprisePercent": "-100"
      },
      {
        "date": "2016-11-30",
        "epsActual": "-0.03",
        "epsEstimate": "0.02",
        "epsDifference": "-0.05",
        "surprisePercent": "-250"
      },
      {
        "date": "2016-08-31",
        "epsActual": "-0.02",
        "epsEstimate": "0",
        "epsDifference": "-0.02"
      }
    ],
    "Trend": [
      {
        "date": "2021-03-31",
        "period": "+1y",
        "growth": "1.429",
        "earningsEstimateAvg": "0.12",
        "earningsEstimateLow": "0.05",
        "earningsEstimateHigh": "0.2",
        "earningsEstimateYearAgoEps": "-0.28",
        "earningsEstimateNumberOfAnalysts": "2",
        "earningsEstimateGrowth": "1.429",
        "revenueEstimateAvg": "107410000",
        "revenueEstimateLow": "101690000",
        "revenueEstimateHigh": "116090000",
        "revenueEstimateNumberOfAnalysts": "3",
        "revenueEstimateGrowth": "2.509",
        "epsTrendCurrent": "0.12",
        "epsTrend7daysAgo": "0.25",
        "epsTrend30daysAgo": "0.44",
        "epsTrend60daysAgo": "0.31",
        "epsTrend90daysAgo": "0.3",
        "epsRevisionsUpLast7days": "0",
        "epsRevisionsUpLast30days": "0",
        "epsRevisionsDownLast30days": "0"
      },
      {
        "date": "2020-03-31",
        "period": "0y",
        "growth": "-1",
        "earningsEstimateAvg": "-0.28",
        "earningsEstimateLow": "-0.33",
        "earningsEstimateHigh": "-0.23",
        "earningsEstimateYearAgoEps": "-0.14",
        "earningsEstimateNumberOfAnalysts": "2",
        "earningsEstimateGrowth": "-1",
        "revenueEstimateAvg": "30610000",
        "revenueEstimateLow": "27870000",
        "revenueEstimateHigh": "32190000",
        "revenueEstimateNumberOfAnalysts": "3",
        "revenueEstimateGrowth": "0.664",
        "epsTrendCurrent": "-0.28",
        "epsTrend7daysAgo": "-0.28",
        "epsTrend30daysAgo": "0.09",
        "epsTrend60daysAgo": "0.02",
        "epsTrend90daysAgo": "0.02",
        "epsRevisionsUpLast7days": "0",
        "epsRevisionsUpLast30days": "0",
        "epsRevisionsDownLast30days": "0"
      },
      {
        "date": "2019-12-31",
        "period": "0q",
        "earningsEstimateAvg": "0.01",
        "earningsEstimateLow": "0.01",
        "earningsEstimateHigh": "0.01",
        "earningsEstimateYearAgoEps": "0",
        "earningsEstimateNumberOfAnalysts": "1",
        "revenueEstimateAvg": "8270000",
        "revenueEstimateLow": "7760000",
        "revenueEstimateHigh": "8780000",
        "revenueEstimateNumberOfAnalysts": "2",
        "epsTrendCurrent": "0.01",
        "epsTrend7daysAgo": "0.01",
        "epsTrend30daysAgo": "0.01",
        "epsTrend60daysAgo": "-0.01",
        "epsTrend90daysAgo": "-0.01",
        "epsRevisionsUpLast7days": "0",
        "epsRevisionsUpLast30days": "0",
        "epsRevisionsDownLast30days": "0"
      },
      {
        "date": "2019-09-30",
        "period": "0q",
        "growth": "-3",
        "earningsEstimateAvg": "-0.02",
        "earningsEstimateLow": "-0.05",
        "earningsEstimateHigh": "0.01",
        "earningsEstimateYearAgoEps": "0.01",
        "earningsEstimateNumberOfAnalysts": "2",
        "earningsEstimateGrowth": "-3",
        "revenueEstimateAvg": "4370000",
        "revenueEstimateLow": "4370000",
        "revenueEstimateHigh": "4370000",
        "revenueEstimateNumberOfAnalysts": "1",
        "epsTrendCurrent": "-0.02",
        "epsTrend7daysAgo": "0.01",
        "epsTrend30daysAgo": "-0.02",
        "epsTrend60daysAgo": "-0.02",
        "epsTrend90daysAgo": "-0.02",
        "epsRevisionsUpLast7days": "0",
        "epsRevisionsUpLast30days": "0",
        "epsRevisionsDownLast30days": "0"
      },
      {
        "date": "2019-06-30",
        "period": "0q",
        "earningsEstimateAvg": "-0.03",
        "earningsEstimateLow": "-0.03",
        "earningsEstimateHigh": "-0.03",
        "earningsEstimateYearAgoEps": "0",
        "earningsEstimateNumberOfAnalysts": "1",
        "revenueEstimateAvg": "3295610",
        "revenueEstimateLow": "4490000",
        "revenueEstimateHigh": "4490000",
        "revenueEstimateNumberOfAnalysts": "1",
        "revenueEstimateGrowth": "-0.165",
        "epsTrendCurrent": "-0.03",
        "epsTrend7daysAgo": "-0.03",
        "epsTrend30daysAgo": "-0.03",
        "epsTrend60daysAgo": "0",
        "epsTrend90daysAgo": "0",
        "epsRevisionsUpLast7days": "0",
        "epsRevisionsUpLast30days": "0",
        "epsRevisionsDownLast30days": "0"
      },
      {
        "date": "2019-03-31",
        "period": "0y",
        "growth": "1.083",
        "earningsEstimateAvg": "0",
        "earningsEstimateLow": "0",
        "earningsEstimateHigh": "0",
        "earningsEstimateYearAgoEps": "-0.12",
        "earningsEstimateNumberOfAnalysts": "0",
        "earningsEstimateGrowth": "1.083",
        "revenueEstimateAvg": "19470000",
        "revenueEstimateLow": "19170000",
        "revenueEstimateHigh": "19770000",
        "revenueEstimateNumberOfAnalysts": "2",
        "revenueEstimateGrowth": "-0.078",
        "epsTrendCurrent": "0",
        "epsTrend7daysAgo": "0.01",
        "epsTrend30daysAgo": "0.01",
        "epsTrend60daysAgo": "0.01",
        "epsTrend90daysAgo": "0.01",
        "epsRevisionsUpLast7days": "0",
        "epsRevisionsUpLast30days": "0",
        "epsRevisionsDownLast30days": "0"
      },
      {
        "date": "2018-12-31",
        "period": "0q",
        "growth": "1",
        "earningsEstimateAvg": "0",
        "earningsEstimateLow": "0",
        "earningsEstimateHigh": "0",
        "earningsEstimateYearAgoEps": "-0.04",
        "earningsEstimateNumberOfAnalysts": "1",
        "earningsEstimateGrowth": "1",
        "revenueEstimateAvg": "0",
        "revenueEstimateLow": "0",
        "revenueEstimateHigh": "0",
        "revenueEstimateNumberOfAnalysts": "0",
        "epsTrendCurrent": "0",
        "epsTrend7daysAgo": "0",
        "epsTrend30daysAgo": "0",
        "epsTrend60daysAgo": "0",
        "epsTrend90daysAgo": "-0.01",
        "epsRevisionsUpLast7days": "0",
        "epsRevisionsUpLast30days": "0",
        "epsRevisionsDownLast30days": "0"
      },
      {
        "date": "2018-09-30",
        "period": "0q",
        "growth": "0.333",
        "earningsEstimateAvg": "0",
        "earningsEstimateLow": "0",
        "earningsEstimateHigh": "0",
        "earningsEstimateYearAgoEps": "-0.03",
        "earningsEstimateNumberOfAnalysts": "0",
        "earningsEstimateGrowth": "0.333",
        "revenueEstimateAvg": "0",
        "revenueEstimateLow": "0",
        "revenueEstimateHigh": "0",
        "revenueEstimateNumberOfAnalysts": "0",
        "epsTrendCurrent": "0",
        "epsTrend7daysAgo": "-0.02",
        "epsTrend30daysAgo": "-0.02",
        "epsTrend60daysAgo": "-0.02",
        "epsTrend90daysAgo": "-0.02",
        "epsRevisionsUpLast7days": "0",
        "epsRevisionsUpLast30days": "0",
        "epsRevisionsDownLast30days": "0"
      },
      {
        "date": "2018-06-30",
        "period": "0q",
        "growth": "0",
        "earningsEstimateAvg": "-0.02",
        "earningsEstimateLow": "-0.02",
        "earningsEstimateHigh": "-0.02",
        "earningsEstimateYearAgoEps": "-0.02",
        "earningsEstimateNumberOfAnalysts": "1",
        "earningsEstimateGrowth": "0",
        "revenueEstimateAvg": "0",
        "revenueEstimateLow": "0",
        "revenueEstimateHigh": "0",
        "revenueEstimateNumberOfAnalysts": "0",
        "epsTrendCurrent": "-0.02",
        "epsTrend7daysAgo": "-0.03",
        "epsTrend30daysAgo": "-0.03",
        "epsTrend60daysAgo": "-0.03",
        "epsTrend90daysAgo": "-0.03",
        "epsRevisionsUpLast7days": "0",
        "epsRevisionsUpLast30days": "0",
        "epsRevisionsDownLast30days": "0"
      },
      {
        "date": "2018-03-31",
        "period": "0y",
        "earningsEstimateAvg": "-0.12",
        "earningsEstimateLow": "-0.12",
        "earningsEstimateHigh": "-0.12",
        "earningsEstimateNumberOfAnalysts": "1",
        "revenueEstimateAvg": "27650000",
        "revenueEstimateLow": "27650000",
        "revenueEstimateHigh": "27650000",
        "revenueEstimateNumberOfAnalysts": "1",
        "epsTrendCurrent": "-0.12",
        "epsTrend7daysAgo": "-0.12",
        "epsTrend30daysAgo": "-0.12",
        "epsTrend60daysAgo": "-0.12",
        "epsTrend90daysAgo": "-0.12",
        "epsRevisionsUpLast7days": "0",
        "epsRevisionsUpLast30days": "0",
        "epsRevisionsDownLast30days": "0"
      },
      {
        "date": "2017-12-31",
        "period": "0q",
        "growth": "-0.5",
        "earningsEstimateAvg": "-0.03",
        "earningsEstimateLow": "-0.03",
        "earningsEstimateHigh": "-0.03",
        "earningsEstimateYearAgoEps": "-0.02",
        "earningsEstimateNumberOfAnalysts": "1",
        "earningsEstimateGrowth": "-0.5",
        "revenueEstimateAvg": "0",
        "revenueEstimateLow": "0",
        "revenueEstimateHigh": "0",
        "revenueEstimateNumberOfAnalysts": "0",
        "epsTrendCurrent": "-0.03",
        "epsTrend7daysAgo": "-0.03",
        "epsTrend30daysAgo": "-0.03",
        "epsTrend60daysAgo": "-0.03",
        "epsTrend90daysAgo": "0",
        "epsRevisionsUpLast7days": "0",
        "epsRevisionsUpLast30days": "0",
        "epsRevisionsDownLast30days": "0"
      }
    ],
    "Annual": [
      {
        "date": "2019-09-30",
        "epsActual": "-0.28"
      },
      {
        "date": "2018-12-31",
        "epsActual": "-0.01"
      },
      {
        "date": "2017-12-31",
        "epsActual": "-0.14"
      }
    ]
  },
  "Financials": {
    "Balance_Sheet": {
      "currency_symbol": "CAD",
      "quarterly": [
        {
          "date": "2019-09-30",
          "currency_symbol": "CAD",
          "intangibleAssets": "27479634",
          "totalLiab": "115105415",
          "totalStockholderEquity": "138776790",
          "otherCurrentLiab": "26888192",
          "totalAssets": "253882205",
          "commonStock": "197792874",
          "retainedEarnings": "-129898320",
          "otherLiab": "75883480",
          "goodWill": "122497755",
          "otherAssets": "152464",
          "cash": "24363223",
          "totalCurrentLiabilities": "37921957",
          "otherStockholderEquity": "2848073",
          "propertyPlantEquipment": "54890458",
          "totalCurrentAssets": "41539100",
          "longTermInvestments": "7322794",
          "netTangibleAssets": "-11200599",
          "shortTermInvestments": "36000",
          "netReceivables": "6781105",
          "inventory": "9037136",
          "accountsPayable": "10612027"
        },
        {
          "date": "2019-06-30",
          "currency_symbol": "CAD",
          "intangibleAssets": "7335038",
          "totalLiab": "18124772",
          "totalStockholderEquity": "69228373",
          "otherCurrentLiab": "1982998",
          "totalAssets": "87353145",
          "commonStock": "137844091",
          "retainedEarnings": "-109123512",
          "otherLiab": "874234",
          "goodWill": "6750626",
          "otherAssets": "152464",
          "cash": "5339468",
          "totalCurrentLiabilities": "16309658",
          "shortLongTermDebt": "2587445",
          "otherStockholderEquity": "559183",
          "propertyPlantEquipment": "48989694",
          "totalCurrentAssets": "19796869",
          "longTermInvestments": "4328454",
          "netTangibleAssets": "55142709",
          "shortTermInvestments": "36000",
          "netReceivables": "5701512",
          "inventory": "6408665",
          "accountsPayable": "9419439"
        },
        {
          "date": "2019-03-31",
          "currency_symbol": "CAD",
          "intangibleAssets": "7650598",
          "totalLiab": "21235649",
          "totalStockholderEquity": "68984926",
          "otherCurrentLiab": "8752431",
          "totalAssets": "90220575",
          "commonStock": "131083698",
          "otherCurrentAssets": "2835000",
          "retainedEarnings": "-102671364",
          "otherLiab": "1260263",
          "goodWill": "6750626",
          "otherAssets": "4154801",
          "cash": "9819351",
          "totalCurrentLiabilities": "19975386",
          "shortLongTermDebt": "2846501",
          "otherStockholderEquity": "1406886",
          "propertyPlantEquipment": "47023973",
          "totalCurrentAssets": "24640577",
          "netTangibleAssets": "54583702",
          "shortTermInvestments": "48000",
          "netReceivables": "5806388",
          "inventory": "5038161",
          "accountsPayable": "3002341"
        },
        {
          "date": "2018-12-31",
          "currency_symbol": "CAD",
          "intangibleAssets": "7676176",
          "totalLiab": "13280897",
          "totalStockholderEquity": "79334611",
          "otherCurrentLiab": "280446",
          "totalAssets": "92615508",
          "commonStock": "131025150",
          "retainedEarnings": "-90287611",
          "otherLiab": "1364634",
          "goodWill": "6750626",
          "otherAssets": "200464",
          "cash": "15595388",
          "totalCurrentLiabilities": "11916263",
          "shortLongTermDebt": "3105558",
          "otherStockholderEquity": "343300",
          "propertyPlantEquipment": "45874202",
          "totalCurrentAssets": "26340289",
          "longTermInvestments": "5773751",
          "netTangibleAssets": "64907809",
          "netReceivables": "3935434",
          "inventory": "5860318",
          "accountsPayable": "8529101"
        },
        {
          "date": "2018-09-30",
          "currency_symbol": "CAD",
          "intangibleAssets": "5053636",
          "totalLiab": "13642503",
          "totalStockholderEquity": "84698363",
          "otherCurrentLiab": "781866",
          "totalAssets": "98340866",
          "commonStock": "130690622",
          "otherCurrentAssets": "2350000",
          "retainedEarnings": "-86629584",
          "otherLiab": "557137",
          "goodWill": "6750626",
          "otherAssets": "212464",
          "cash": "18053767",
          "totalCurrentLiabilities": "13085366",
          "shortLongTermDebt": "3443929",
          "otherStockholderEquity": "3189112",
          "propertyPlantEquipment": "45421737",
          "totalCurrentAssets": "32290785",
          "longTermInvestments": "8611618",
          "netTangibleAssets": "72894101",
          "netReceivables": "4975939",
          "inventory": "6166097",
          "accountsPayable": "8264533"
        },
        {
          "date": "2018-06-30",
          "filing_date": "0000-00-00",
          "currency_symbol": "CAD",
          "intangibleAssets": "5055100",
          "totalLiab": "14209166",
          "totalStockholderEquity": "81465330",
          "otherCurrentLiab": "1391967",
          "totalAssets": "95674496",
          "commonStock": "129483936",
          "otherCurrentAssets": "2350000",
          "retainedEarnings": "-83579637",
          "otherLiab": "516496",
          "goodWill": "6750626",
          "otherAssets": "267843",
          "cash": "20454897",
          "totalCurrentLiabilities": "13692670",
          "shortLongTermDebt": "3798301",
          "otherStockholderEquity": "-1515651",
          "propertyPlantEquipment": "44055515",
          "totalCurrentAssets": "35643960",
          "longTermInvestments": "3901452",
          "netTangibleAssets": "69659604",
          "netReceivables": "4940553",
          "inventory": "7232748",
          "accountsPayable": "7980487"
        },
        {
          "date": "2018-03-31",
          "filing_date": "0000-00-00",
          "currency_symbol": "CAD",
          "intangibleAssets": "5236363",
          "totalLiab": "12063184",
          "totalStockholderEquity": "86533770",
          "otherCurrentLiab": "109954",
          "totalAssets": "98596954",
          "commonStock": "128483507",
          "otherCurrentAssets": "2350000",
          "retainedEarnings": "-79479665",
          "otherLiab": "543985",
          "goodWill": "6750626",
          "otherAssets": "212464",
          "cash": "24287107",
          "totalCurrentLiabilities": "11519199",
          "shortLongTermDebt": "4152673",
          "otherStockholderEquity": "1174379",
          "propertyPlantEquipment": "41880847",
          "totalCurrentAssets": "37930914",
          "longTermInvestments": "6585740",
          "netTangibleAssets": "74546781",
          "netReceivables": "5640444",
          "inventory": "5261329",
          "accountsPayable": "2425617"
        },
        {
          "date": "2017-12-31",
          "filing_date": "0000-00-00",
          "currency_symbol": "CAD",
          "intangibleAssets": "5417266",
          "totalLiab": "10278631",
          "totalStockholderEquity": "89478678",
          "otherCurrentLiab": "92024",
          "totalAssets": "99757309",
          "commonStock": "128298273",
          "otherCurrentAssets": "2350000",
          "retainedEarnings": "-74727488",
          "otherLiab": "799046",
          "goodWill": "6750626",
          "otherAssets": "603924",
          "cash": "26175895",
          "totalCurrentLiabilities": "9478442",
          "shortLongTermDebt": "4534213",
          "otherStockholderEquity": "353520",
          "propertyPlantEquipment": "41458208",
          "totalCurrentAssets": "39423097",
          "longTermInvestments": "6104188",
          "netTangibleAssets": "77310786",
          "netReceivables": "4829675",
          "longTermDebt": "1143",
          "inventory": "5753959",
          "accountsPayable": "4852205"
        },
        {
          "date": "2017-09-30",
          "filing_date": "0000-00-00",
          "currency_symbol": "CAD",
          "intangibleAssets": "5597989",
          "totalLiab": "18507647",
          "totalStockholderEquity": "84169188",
          "otherCurrentLiab": "505048",
          "totalAssets": "107871597",
          "commonStock": "128129413",
          "retainedEarnings": "-79482268",
          "otherLiab": "973512",
          "goodWill": "6750626",
          "otherAssets": "2853122",
          "cash": "37177702",
          "totalCurrentLiabilities": "12604192",
          "shortLongTermDebt": "8498211",
          "otherStockholderEquity": "217257",
          "propertyPlantEquipment": "44664044",
          "totalCurrentAssets": "47951582",
          "longTermInvestments": "54234",
          "netTangibleAssets": "71820573",
          "netReceivables": "4019050",
          "longTermDebt": "4929943",
          "inventory": "6101095",
          "accountsPayable": "6923189"
        },
        {
          "date": "2017-06-30",
          "filing_date": "0000-00-00",
          "currency_symbol": "",
          "intangibleAssets": "11617091",
          "totalLiab": "32428479",
          "totalStockholderEquity": "64765988",
          "otherCurrentLiab": "747362",
          "totalAssets": "105113184",
          "commonStock": "128049413",
          "otherCurrentAssets": "60846",
          "retainedEarnings": "-98556129",
          "otherLiab": "1131179",
          "goodWill": "6750626",
          "otherAssets": "3024017",
          "cash": "9494711",
          "totalCurrentLiabilities": "15617426",
          "shortLongTermDebt": "23285119",
          "otherStockholderEquity": "210784",
          "propertyPlantEquipment": "45260416",
          "totalCurrentAssets": "38413273",
          "longTermInvestments": "47761",
          "netTangibleAssets": "46398271",
          "netReceivables": "11952871",
          "longTermDebt": "15679874",
          "inventory": "15289265",
          "accountsPayable": "6598560"
        },
        {
          "date": "2016-11-30",
          "filing_date": "0000-00-00",
          "currency_symbol": "",
          "intangibleAssets": "12368847",
          "totalLiab": "38611004",
          "totalStockholderEquity": "64395821",
          "otherCurrentLiab": "1174283",
          "totalAssets": "110041539",
          "commonStock": "127201343",
          "retainedEarnings": "-96586912",
          "otherLiab": "1730198",
          "goodWill": "6750626",
          "otherAssets": "6012776",
          "cash": "5136904",
          "totalCurrentLiabilities": "18824976",
          "shortLongTermDebt": "26526713",
          "otherStockholderEquity": "209958",
          "propertyPlantEquipment": "45975170",
          "totalCurrentAssets": "38875631",
          "longTermInvestments": "58489",
          "netTangibleAssets": "45276348",
          "shortTermInvestments": "4678993",
          "netReceivables": "14450736",
          "longTermDebt": "18055830",
          "inventory": "14000589",
          "accountsPayable": "8564703"
        },
        {
          "date": "2016-08-31",
          "filing_date": "0000-00-00",
          "currency_symbol": "",
          "intangibleAssets": "6458755",
          "totalLiab": "35801385",
          "totalStockholderEquity": "53276274",
          "otherCurrentLiab": "555281",
          "totalAssets": "97368166",
          "commonStock": "127201343",
          "retainedEarnings": "-107271658",
          "otherLiab": "417281",
          "goodWill": "6750625",
          "otherAssets": "3474998",
          "cash": "7808253",
          "totalCurrentLiabilities": "15046357",
          "shortLongTermDebt": "27326824",
          "otherStockholderEquity": "237296",
          "propertyPlantEquipment": "45406368",
          "totalCurrentAssets": "35167343",
          "longTermInvestments": "110077",
          "netTangibleAssets": "40066894",
          "shortTermInvestments": "4315584",
          "netReceivables": "7427494",
          "longTermDebt": "20337747",
          "inventory": "15025028",
          "accountsPayable": "6806496"
        }
      ],
      "yearly": [
        {
          "date": "2019-03-31",
          "currency_symbol": "CAD",
          "intangibleAssets": "7650598",
          "totalLiab": "21235649",
          "totalStockholderEquity": "68984926",
          "otherCurrentLiab": "8752431",
          "totalAssets": "90220575",
          "commonStock": "131083698",
          "otherCurrentAssets": "2835000",
          "retainedEarnings": "-102671364",
          "otherLiab": "1260263",
          "goodWill": "6750626",
          "otherAssets": "4154801",
          "cash": "9819351",
          "totalCurrentLiabilities": "19975386",
          "shortLongTermDebt": "2846501",
          "otherStockholderEquity": "1406886",
          "propertyPlantEquipment": "47023973",
          "totalCurrentAssets": "24640577",
          "netTangibleAssets": "54583702",
          "shortTermInvestments": "48000",
          "netReceivables": "5806388",
          "inventory": "5038161",
          "accountsPayable": "3002341"
        },
        {
          "date": "2018-03-31",
          "filing_date": "0000-00-00",
          "currency_symbol": "CAD",
          "intangibleAssets": "5307634",
          "totalLiab": "12063184",
          "totalStockholderEquity": "86533770",
          "otherCurrentLiab": "667999",
          "totalAssets": "98596954",
          "commonStock": "128483507",
          "otherCurrentAssets": "2350000",
          "retainedEarnings": "-79479665",
          "otherLiab": "543985",
          "goodWill": "6750626",
          "otherAssets": "152464",
          "cash": "24287107",
          "totalCurrentLiabilities": "11519199",
          "shortLongTermDebt": "4152673",
          "otherStockholderEquity": "1174379",
          "propertyPlantEquipment": "41809576",
          "totalCurrentAssets": "37990914",
          "longTermInvestments": "6585740",
          "netTangibleAssets": "74475510",
          "shortTermInvestments": "60000",
          "netReceivables": "5640444",
          "inventory": "5261329",
          "accountsPayable": "1867572"
        },
        {
          "date": "2017-03-31",
          "filing_date": "0000-00-00",
          "currency_symbol": "CAD",
          "intangibleAssets": "11947693",
          "totalLiab": "36419878",
          "totalStockholderEquity": "63747426",
          "otherCurrentLiab": "549675",
          "totalAssets": "111220116",
          "commonStock": "127201343",
          "retainedEarnings": "-97010523",
          "otherLiab": "1324138",
          "goodWill": "6750626",
          "otherAssets": "3162925",
          "cash": "15802363",
          "totalCurrentLiabilities": "17735009",
          "shortLongTermDebt": "7192315",
          "otherStockholderEquity": "221470",
          "propertyPlantEquipment": "45864367",
          "totalCurrentAssets": "43428760",
          "longTermInvestments": "65745",
          "netTangibleAssets": "45049107",
          "netReceivables": "13699401",
          "longTermDebt": "17360731",
          "inventory": "13242735",
          "accountsPayable": "4344557"
        },
        {
          "date": "2016-02-29",
          "filing_date": "0000-00-00",
          "currency_symbol": "CAD",
          "intangibleAssets": "6825156",
          "totalLiab": "39120686",
          "totalStockholderEquity": "53445130",
          "deferredLongTermLiab": "288468",
          "otherCurrentLiab": "1042366",
          "totalAssets": "106045567",
          "commonStock": "127201343",
          "otherCurrentAssets": "805680",
          "retainedEarnings": "-103923751",
          "otherLiab": "542102",
          "goodWill": "6816139",
          "otherAssets": "3606893",
          "cash": "5472927",
          "totalCurrentLiabilities": "18387512",
          "shortLongTermDebt": "7527359",
          "otherStockholderEquity": "296424",
          "propertyPlantEquipment": "45547665",
          "totalCurrentAssets": "43075235",
          "longTermInvestments": "174479",
          "netTangibleAssets": "39803835",
          "shortTermInvestments": "7527115",
          "netReceivables": "10864339",
          "longTermDebt": "20191072",
          "inventory": "18119480",
          "accountsPayable": "5650043"
        },
        {
          "date": "2015-02-28",
          "filing_date": "0000-00-00",
          "currency_symbol": "CAD",
          "intangibleAssets": "1504477",
          "totalLiab": "26197662",
          "totalStockholderEquity": "55284450",
          "deferredLongTermLiab": "69401",
          "otherCurrentLiab": "1303808",
          "totalAssets": "99055413",
          "commonStock": "123685960",
          "otherCurrentAssets": "432138",
          "retainedEarnings": "-96453762",
          "otherLiab": "2731622",
          "otherAssets": "69401",
          "cash": "4253073",
          "totalCurrentLiabilities": "9459193",
          "shortLongTermDebt": "540039",
          "otherStockholderEquity": "517570",
          "propertyPlantEquipment": "46871217",
          "totalCurrentAssets": "50291568",
          "longTermInvestments": "318750",
          "netTangibleAssets": "53779973",
          "shortTermInvestments": "23372677",
          "netReceivables": "8743081",
          "longTermDebt": "14006847",
          "inventory": "13383148",
          "accountsPayable": "4523542"
        },
        {
          "date": "2014-02-28",
          "filing_date": "0000-00-00",
          "currency_symbol": "",
          "intangibleAssets": "1696798",
          "totalLiab": "46728225",
          "totalStockholderEquity": "45619618",
          "deferredLongTermLiab": "460247",
          "otherCurrentLiab": "900282",
          "totalAssets": "92347843",
          "commonStock": "80171272",
          "otherCurrentAssets": "1080548",
          "retainedEarnings": "-56098088",
          "otherLiab": "11330883",
          "otherAssets": "338970",
          "cash": "5892195",
          "totalCurrentLiabilities": "14236510",
          "shortLongTermDebt": "16304",
          "otherStockholderEquity": "419892",
          "propertyPlantEquipment": "33455919",
          "totalCurrentAssets": "57195126",
          "netTangibleAssets": "43922820",
          "shortTermInvestments": "20801257",
          "netReceivables": "17138028",
          "longTermDebt": "18883064",
          "inventory": "12283098",
          "accountsPayable": "14220206"
        }
      ]
    },
    "Cash_Flow": {
      "currency_symbol": "CAD",
      "quarterly": [
        {
          "date": "2019-09-30",
          "currency_symbol": "CAD",
          "changeToLiabilities": "743179",
          "totalCashflowsFromInvestingActivities": "-18833092",
          "netBorrowings": "-4763593",
          "totalCashFromFinancingActivities": "46721325",
          "changeToOperatingActivities": "-659517",
          "netIncome": "-20774807",
          "changeInCash": "19023755",
          "totalCashFromOperatingActivities": "-9314623",
          "depreciation": "2132753",
          "otherCashflowsFromInvestingActivities": "63966",
          "changeToInventory": "-1491553",
          "changeToAccountReceivables": "-927655",
          "otherCashflowsFromFinancingActivities": "-2623098",
          "changeToNetincome": "11662977",
          "capitalExpenditures": "3031916"
        },
        {
          "date": "2019-06-30",
          "currency_symbol": "CAD",
          "investments": "12000",
          "changeToLiabilities": "2174557",
          "totalCashflowsFromInvestingActivities": "-1975188",
          "netBorrowings": "1010438",
          "totalCashFromFinancingActivities": "3651164",
          "changeToOperatingActivities": "-2573883",
          "netIncome": "-6452148",
          "changeInCash": "-4479883",
          "totalCashFromOperatingActivities": "-6159359",
          "depreciation": "1083675",
          "otherCashflowsFromInvestingActivities": "18837",
          "changeToInventory": "-1370504",
          "changeToAccountReceivables": "104876",
          "otherCashflowsFromFinancingActivities": "-84826",
          "changeToNetincome": "874068",
          "capitalExpenditures": "1930334"
        },
        {
          "date": "2019-03-31",
          "currency_symbol": "CAD",
          "investments": "12000",
          "changeToLiabilities": "513874",
          "totalCashflowsFromInvestingActivities": "-2765871",
          "netBorrowings": "345241",
          "totalCashFromFinancingActivities": "337347",
          "changeToOperatingActivities": "7820048",
          "netIncome": "-12383753",
          "changeInCash": "-5776037",
          "totalCashFromOperatingActivities": "-3281397",
          "depreciation": "754803",
          "otherCashflowsFromInvestingActivities": "37774",
          "changeToInventory": "822157",
          "changeToAccountReceivables": "-1858643",
          "otherCashflowsFromFinancingActivities": "-50871",
          "changeToNetincome": "1040021",
          "capitalExpenditures": "808932"
        },
        {
          "date": "2018-12-31",
          "currency_symbol": "CAD",
          "investments": "12000",
          "changeToLiabilities": "-1086576",
          "totalCashflowsFromInvestingActivities": "149515",
          "netBorrowings": "-941576",
          "totalCashFromFinancingActivities": "-775203",
          "changeToOperatingActivities": "-212112",
          "netIncome": "-3658027",
          "changeInCash": "-2458379",
          "totalCashFromOperatingActivities": "-1895969",
          "depreciation": "803752",
          "otherCashflowsFromInvestingActivities": "2424746",
          "changeToInventory": "305779",
          "changeToAccountReceivables": "1040951",
          "otherCashflowsFromFinancingActivities": "-73131",
          "changeToNetincome": "910264",
          "capitalExpenditures": "2070876"
        },
        {
          "date": "2018-09-30",
          "currency_symbol": "CAD",
          "investments": "12000",
          "changeToLiabilities": "-381479",
          "totalCashflowsFromInvestingActivities": "-2020193",
          "netBorrowings": "-288485",
          "totalCashFromFinancingActivities": "356148",
          "changeToOperatingActivities": "-84623",
          "netIncome": "-3049947",
          "changeInCash": "-2401130",
          "totalCashFromOperatingActivities": "-718703",
          "depreciation": "734413",
          "otherCashflowsFromInvestingActivities": "69984",
          "changeToInventory": "1066651",
          "changeToAccountReceivables": "-60542",
          "otherCashflowsFromFinancingActivities": "-74540",
          "changeToNetincome": "1056824",
          "capitalExpenditures": "1960761"
        },
        {
          "date": "2018-06-30",
          "filing_date": "0000-00-00",
          "currency_symbol": "CAD",
          "changeToLiabilities": "1657621",
          "totalCashflowsFromInvestingActivities": "-1852510",
          "netBorrowings": "-348376",
          "totalCashFromFinancingActivities": "270677",
          "changeToOperatingActivities": "-279470",
          "netIncome": "-4099972",
          "changeInCash": "-3832210",
          "totalCashFromOperatingActivities": "-2263391",
          "depreciation": "753258",
          "otherCashflowsFromInvestingActivities": "64196",
          "changeToInventory": "-1971419",
          "changeToAccountReceivables": "712290",
          "otherCashflowsFromFinancingActivities": "-77226",
          "changeToNetincome": "964301",
          "capitalExpenditures": "1897985"
        },
        {
          "date": "2018-03-31",
          "filing_date": "0000-00-00",
          "currency_symbol": "CAD",
          "investments": "104110",
          "changeToLiabilities": "1307428",
          "totalCashflowsFromInvestingActivities": "-495298",
          "netBorrowings": "121732",
          "totalCashFromFinancingActivities": "187719",
          "changeToOperatingActivities": "-59376",
          "netIncome": "-4752177",
          "changeInCash": "-1888788",
          "totalCashFromOperatingActivities": "-1537261",
          "depreciation": "767958",
          "otherCashflowsFromInvestingActivities": "80794",
          "changeToInventory": "-164977",
          "changeToAccountReceivables": "-798370",
          "salePurchaseOfStock": "144350",
          "otherCashflowsFromFinancingActivities": "-78363",
          "changeToNetincome": "2162253",
          "capitalExpenditures": "598869"
        },
        {
          "date": "2017-12-31",
          "filing_date": "0000-00-00",
          "currency_symbol": "CAD",
          "investments": "12000",
          "changeToLiabilities": "2351417",
          "totalCashflowsFromInvestingActivities": "-3032825",
          "netBorrowings": "-2818113",
          "totalCashFromFinancingActivities": "-2445595",
          "changeToOperatingActivities": "-952594",
          "netIncome": "4754781",
          "changeInCash": "-11001807",
          "totalCashFromOperatingActivities": "-5670452",
          "depreciation": "851955",
          "otherCashflowsFromInvestingActivities": "99606",
          "changeToInventory": "347136",
          "changeToAccountReceivables": "-1253723",
          "salePurchaseOfStock": "112266",
          "otherCashflowsFromFinancingActivities": "260252",
          "changeToNetincome": "-11769424",
          "capitalExpenditures": "-366190"
        },
        {
          "date": "2017-09-30",
          "filing_date": "0000-00-00",
          "currency_symbol": "CAD",
          "investments": "164000",
          "changeToLiabilities": "953168",
          "totalCashflowsFromInvestingActivities": "39539840",
          "netBorrowings": "-14972265",
          "totalCashFromFinancingActivities": "-15542716",
          "changeToOperatingActivities": "961845",
          "netIncome": "19073861",
          "changeInCash": "27682991",
          "totalCashFromOperatingActivities": "3810355",
          "depreciation": "894887",
          "otherCashflowsFromInvestingActivities": "23373",
          "changeToInventory": "-3716764",
          "changeToAccountReceivables": "10926444",
          "salePurchaseOfStock": "112266",
          "otherCashflowsFromFinancingActivities": "-570451",
          "changeToNetincome": "-25283086",
          "capitalExpenditures": "-150923"
        },
        {
          "date": "2017-06-30",
          "filing_date": "0000-00-00",
          "currency_symbol": "",
          "investments": "159000",
          "changeToLiabilities": "-1080936",
          "totalCashflowsFromInvestingActivities": "13290",
          "netBorrowings": "-1230452",
          "totalCashFromFinancingActivities": "-2084427",
          "changeToOperatingActivities": "-931319",
          "netIncome": "-1545606",
          "changeInCash": "-6307652",
          "totalCashFromOperatingActivities": "-4189161",
          "depreciation": "1027082",
          "otherCashflowsFromInvestingActivities": "23692",
          "changeToInventory": "-2046530",
          "changeToAccountReceivables": "1673146",
          "salePurchaseOfStock": "112266",
          "otherCashflowsFromFinancingActivities": "-853975",
          "changeToNetincome": "-1284998",
          "capitalExpenditures": "-151382"
        },
        {
          "date": "2016-11-30",
          "filing_date": "0000-00-00",
          "currency_symbol": "",
          "investments": "61148",
          "changeToLiabilities": "-2725026",
          "totalCashflowsFromInvestingActivities": "-830246",
          "netBorrowings": "-1172694",
          "totalCashFromFinancingActivities": "-1674595",
          "changeToOperatingActivities": "-17425",
          "netIncome": "10684747",
          "changeInCash": "-2671349",
          "totalCashFromOperatingActivities": "-249684",
          "depreciation": "896184",
          "otherCashflowsFromInvestingActivities": "4291",
          "changeToInventory": "1024439",
          "changeToAccountReceivables": "-9807733",
          "salePurchaseOfStock": "112266",
          "otherCashflowsFromFinancingActivities": "-501901",
          "changeToNetincome": "-304870",
          "capitalExpenditures": "-892218"
        },
        {
          "date": "2016-08-31",
          "filing_date": "0000-00-00",
          "currency_symbol": "",
          "investments": "1805829",
          "changeToLiabilities": "846773",
          "totalCashflowsFromInvestingActivities": "1267568",
          "netBorrowings": "-1593874",
          "totalCashFromFinancingActivities": "-2120793",
          "changeToOperatingActivities": "762225",
          "netIncome": "-1191134",
          "changeInCash": "2531698",
          "totalCashFromOperatingActivities": "3371123",
          "depreciation": "800170",
          "otherCashflowsFromInvestingActivities": "11331",
          "changeToInventory": "1765315",
          "changeToAccountReceivables": "1255288",
          "otherCashflowsFromFinancingActivities": "-526919",
          "changeToNetincome": "-867514",
          "capitalExpenditures": "-546298"
        }
      ],
      "yearly": [
        {
          "date": "2019-03-31",
          "currency_symbol": "CAD",
          "changeToLiabilities": "703440",
          "totalCashflowsFromInvestingActivities": "-6494059",
          "netBorrowings": "-1227454",
          "totalCashFromFinancingActivities": "188969",
          "changeToOperatingActivities": "7243843",
          "netIncome": "-23191699",
          "changeInCash": "-14467756",
          "totalCashFromOperatingActivities": "-8154460",
          "depreciation": "3046226",
          "otherCashflowsFromInvestingActivities": "2596700",
          "changeToInventory": "223168",
          "changeToAccountReceivables": "-165944",
          "otherCashflowsFromFinancingActivities": "-281510",
          "changeToNetincome": "3976410",
          "capitalExpenditures": "6738554"
        },
        {
          "date": "2018-03-31",
          "filing_date": "0000-00-00",
          "currency_symbol": "CAD",
          "investments": "-79890",
          "changeToLiabilities": "3422256",
          "totalCashflowsFromInvestingActivities": "36025007",
          "netBorrowings": "-18899098",
          "totalCashFromFinancingActivities": "-19885019",
          "changeToOperatingActivities": "-981444",
          "netIncome": "17530858",
          "changeInCash": "8484744",
          "totalCashFromOperatingActivities": "-7586519",
          "depreciation": "3541882",
          "otherCashflowsFromInvestingActivities": "746465",
          "changeToInventory": "-5581135",
          "changeToAccountReceivables": "10656318",
          "salePurchaseOfStock": "256616",
          "otherCashflowsFromFinancingActivities": "-1242537",
          "changeToNetincome": "-36175254",
          "capitalExpenditures": "1267364"
        },
        {
          "date": "2017-03-31",
          "filing_date": "0000-00-00",
          "currency_symbol": "CAD",
          "investments": "7019624",
          "changeToLiabilities": "304847",
          "totalCashflowsFromInvestingActivities": "2781155",
          "netBorrowings": "-4641279",
          "totalCashFromFinancingActivities": "-338168",
          "changeToOperatingActivities": "462432",
          "netIncome": "6381442",
          "changeInCash": "9534865",
          "totalCashFromOperatingActivities": "7212398",
          "depreciation": "3523200",
          "otherCashflowsFromInvestingActivities": "60984",
          "changeToInventory": "4264461",
          "changeToAccountReceivables": "-6486274",
          "salePurchaseOfStock": "6351714",
          "otherCashflowsFromFinancingActivities": "-2048603",
          "changeToNetincome": "-1237710",
          "capitalExpenditures": "2715947"
        },
        {
          "date": "2016-02-29",
          "filing_date": "0000-00-00",
          "currency_symbol": "CAD",
          "investments": "13665201",
          "changeToLiabilities": "1047758",
          "totalCashflowsFromInvestingActivities": "5709514",
          "netBorrowings": "7709325",
          "totalCashFromFinancingActivities": "6699903",
          "changeToOperatingActivities": "-253453",
          "netIncome": "-7469989",
          "changeInCash": "1219854",
          "totalCashFromOperatingActivities": "-11395509",
          "depreciation": "2579565",
          "otherCashflowsFromInvestingActivities": "223795",
          "changeToInventory": "143153",
          "changeToAccountReceivables": "-1072469",
          "salePurchaseOfStock": "535",
          "otherCashflowsFromFinancingActivities": "-1009957",
          "changeToNetincome": "-6370074",
          "capitalExpenditures": "1199721"
        },
        {
          "date": "2015-02-28",
          "filing_date": "0000-00-00",
          "currency_symbol": "CAD",
          "investments": "1894369",
          "changeToLiabilities": "-1173732",
          "totalCashflowsFromInvestingActivities": "-16079913",
          "netBorrowings": "4411303",
          "totalCashFromFinancingActivities": "36231439",
          "changeToOperatingActivities": "656524",
          "netIncome": "-27960545",
          "changeInCash": "-2269293",
          "totalCashFromOperatingActivities": "-22689381",
          "depreciation": "1718690",
          "otherCashflowsFromInvestingActivities": "68280",
          "changeToInventory": "213627",
          "changeToAccountReceivables": "10767193",
          "salePurchaseOfStock": "35032820",
          "otherCashflowsFromFinancingActivities": "-3212684",
          "changeToNetincome": "-6911138",
          "capitalExpenditures": "17926665"
        },
        {
          "date": "2014-02-28",
          "filing_date": "0000-00-00",
          "currency_symbol": "",
          "investments": "-8217688",
          "changeToLiabilities": "1299344",
          "totalCashflowsFromInvestingActivities": "-23479925",
          "netBorrowings": "7575763",
          "totalCashFromFinancingActivities": "31537431",
          "changeToOperatingActivities": "-565000",
          "netIncome": "-20088958",
          "changeInCash": "-7570435",
          "totalCashFromOperatingActivities": "-16453930",
          "depreciation": "273390",
          "otherCashflowsFromInvestingActivities": "-354037",
          "changeToInventory": "-1704830",
          "changeToAccountReceivables": "-8865756",
          "salePurchaseOfStock": "22821142",
          "otherCashflowsFromFinancingActivities": "-106512",
          "changeToNetincome": "13197880",
          "capitalExpenditures": "-14908200"
        }
      ]
    },
    "Income_Statement": {
      "currency_symbol": "CAD",
      "quarterly": [
        {
          "date": "2019-09-30",
          "currency_symbol": "CAD",
          "researchDevelopment": "540950",
          "incomeBeforeTax": "-20802216",
          "netIncome": "-20774807",
          "sellingGeneralAdministrative": "14139278",
          "grossProfit": "8675",
          "ebit": "-14671553",
          "operatingIncome": "-14671553",
          "interestExpense": "-190055",
          "incomeTaxExpense": "-27409",
          "totalRevenue": "6512281",
          "totalOperatingExpenses": "21183834",
          "costOfRevenue": "6503606",
          "totalOtherIncomeExpenseNet": "-6130663",
          "netIncomeFromContinuingOps": "-20774807",
          "netIncomeApplicableToCommonShares": "-20774807"
        },
        {
          "date": "2019-06-30",
          "currency_symbol": "CAD",
          "researchDevelopment": "342336",
          "incomeBeforeTax": "-6503095",
          "netIncome": "-6452148",
          "sellingGeneralAdministrative": "4550864",
          "grossProfit": "-712175",
          "ebit": "-5605375",
          "operatingIncome": "-5605375",
          "interestExpense": "-114060",
          "incomeTaxExpense": "-50947",
          "totalRevenue": "4361008",
          "totalOperatingExpenses": "9966383",
          "costOfRevenue": "5073183",
          "totalOtherIncomeExpenseNet": "-897720",
          "netIncomeFromContinuingOps": "-6452148",
          "netIncomeApplicableToCommonShares": "-6452148"
        },
        {
          "date": "2019-03-31",
          "currency_symbol": "CAD",
          "researchDevelopment": "2069879",
          "incomeBeforeTax": "-12367660",
          "netIncome": "-12383753",
          "sellingGeneralAdministrative": "3865647",
          "grossProfit": "1535951",
          "ebit": "-4399575",
          "operatingIncome": "-4399575",
          "interestExpense": "-82919",
          "incomeTaxExpense": "16093",
          "totalRevenue": "5664145",
          "totalOperatingExpenses": "10063720",
          "costOfRevenue": "4128194",
          "totalOtherIncomeExpenseNet": "-7968085",
          "netIncomeFromContinuingOps": "-12383753",
          "netIncomeApplicableToCommonShares": "-12383753"
        },
        {
          "date": "2018-12-31",
          "currency_symbol": "CAD",
          "researchDevelopment": "1777107",
          "incomeBeforeTax": "-3596683",
          "netIncome": "-3658027",
          "sellingGeneralAdministrative": "4078377",
          "grossProfit": "2227981",
          "ebit": "-3627503",
          "operatingIncome": "-3627503",
          "interestExpense": "-89201",
          "incomeTaxExpense": "61344",
          "totalRevenue": "6538168",
          "totalOperatingExpenses": "10165671",
          "costOfRevenue": "4310187",
          "totalOtherIncomeExpenseNet": "30820",
          "netIncomeFromContinuingOps": "-3658027",
          "netIncomeApplicableToCommonShares": "-3658027"
        },
        {
          "date": "2018-09-30",
          "currency_symbol": "CAD",
          "researchDevelopment": "1689102",
          "incomeBeforeTax": "-2874824",
          "netIncome": "-3049947",
          "sellingGeneralAdministrative": "3488948",
          "grossProfit": "2357284",
          "ebit": "-2820766",
          "operatingIncome": "-2820766",
          "interestExpense": "-89098",
          "incomeTaxExpense": "175123",
          "totalRevenue": "7071455",
          "totalOperatingExpenses": "9892221",
          "costOfRevenue": "4714171",
          "totalOtherIncomeExpenseNet": "-54058",
          "netIncomeFromContinuingOps": "-3049947",
          "netIncomeApplicableToCommonShares": "-3049947"
        },
        {
          "date": "2018-06-30",
          "filing_date": "0000-00-00",
          "currency_symbol": "CAD",
          "researchDevelopment": "1675465",
          "incomeBeforeTax": "-4182521",
          "netIncome": "-4099972",
          "sellingGeneralAdministrative": "3852744",
          "grossProfit": "1493232",
          "ebit": "-4034977",
          "operatingIncome": "-4034977",
          "interestExpense": "-193918",
          "incomeTaxExpense": "-82549",
          "totalRevenue": "5168274",
          "totalOperatingExpenses": "9203251",
          "costOfRevenue": "3675042",
          "totalOtherIncomeExpenseNet": "-147544",
          "netIncomeFromContinuingOps": "-4099972",
          "netIncomeApplicableToCommonShares": "-4099972"
        },
        {
          "date": "2018-03-31",
          "filing_date": "0000-00-00",
          "currency_symbol": "CAD",
          "researchDevelopment": "3787696",
          "incomeBeforeTax": "-6431958",
          "netIncome": "-4752177",
          "sellingGeneralAdministrative": "3673078",
          "grossProfit": "1457976",
          "ebit": "-6002798",
          "operatingIncome": "-6002798",
          "interestExpense": "-89175",
          "incomeTaxExpense": "-1679781",
          "totalRevenue": "7005185",
          "totalOperatingExpenses": "13007983",
          "costOfRevenue": "5547209",
          "totalOtherIncomeExpenseNet": "-429160",
          "netIncomeFromContinuingOps": "-4752177",
          "netIncomeApplicableToCommonShares": "-4752177"
        },
        {
          "date": "2017-12-31",
          "filing_date": "0000-00-00",
          "currency_symbol": "CAD",
          "researchDevelopment": "5452397",
          "incomeBeforeTax": "1394427",
          "netIncome": "4754781",
          "sellingGeneralAdministrative": "3385169",
          "grossProfit": "2014980",
          "ebit": "-6822586",
          "operatingIncome": "-6822586",
          "interestExpense": "-189772",
          "incomeTaxExpense": "52778",
          "totalRevenue": "7314664",
          "totalOperatingExpenses": "14137250",
          "costOfRevenue": "5299684",
          "totalOtherIncomeExpenseNet": "8217013",
          "netIncomeFromContinuingOps": "1341649",
          "netIncomeApplicableToCommonShares": "4754781"
        },
        {
          "date": "2017-09-30",
          "filing_date": "0000-00-00",
          "currency_symbol": "CAD",
          "researchDevelopment": "3113504",
          "incomeBeforeTax": "16124161",
          "minorityInterest": "5194762",
          "netIncome": "19073861",
          "sellingGeneralAdministrative": "4012955",
          "grossProfit": "408504",
          "ebit": "-6717955",
          "operatingIncome": "-6717955",
          "interestExpense": "-411234",
          "incomeTaxExpense": "6895",
          "totalRevenue": "6794919",
          "totalOperatingExpenses": "13512874",
          "costOfRevenue": "6386415",
          "totalOtherIncomeExpenseNet": "22842116",
          "netIncomeFromContinuingOps": "16117266",
          "netIncomeApplicableToCommonShares": "19073861"
        },
        {
          "date": "2017-06-30",
          "filing_date": "0000-00-00",
          "currency_symbol": "",
          "researchDevelopment": "1794026",
          "incomeBeforeTax": "-3387447",
          "minorityInterest": "7918717",
          "netIncome": "-1545606",
          "sellingGeneralAdministrative": "3637048",
          "grossProfit": "2442832",
          "ebit": "-2988242",
          "operatingIncome": "-2988242",
          "interestExpense": "-646547",
          "incomeTaxExpense": "-20092",
          "totalRevenue": "6530814",
          "totalOperatingExpenses": "9519056",
          "costOfRevenue": "4087982",
          "totalOtherIncomeExpenseNet": "-399205",
          "netIncomeFromContinuingOps": "-3367355",
          "netIncomeApplicableToCommonShares": "-1545606"
        },
        {
          "date": "2016-11-30",
          "filing_date": "0000-00-00",
          "currency_symbol": "",
          "researchDevelopment": "1443245",
          "incomeBeforeTax": "9204492",
          "minorityInterest": "7034714",
          "netIncome": "10684747",
          "sellingGeneralAdministrative": "5340792",
          "grossProfit": "3452866",
          "ebit": "-3331171",
          "operatingIncome": "-3331171",
          "interestExpense": "-620442",
          "incomeTaxExpense": "-216650",
          "totalRevenue": "12140631",
          "totalOperatingExpenses": "15471802",
          "costOfRevenue": "8687765",
          "totalOtherIncomeExpenseNet": "12535663",
          "netIncomeFromContinuingOps": "9421142",
          "netIncomeApplicableToCommonShares": "10684747"
        },
        {
          "date": "2016-08-31",
          "filing_date": "0000-00-00",
          "currency_symbol": "",
          "researchDevelopment": "1373081",
          "incomeBeforeTax": "-2411625",
          "minorityInterest": "8290507",
          "netIncome": "-1191134",
          "sellingGeneralAdministrative": "3351912",
          "grossProfit": "2590571",
          "ebit": "-2134422",
          "operatingIncome": "-2134422",
          "interestExpense": "-647481",
          "incomeTaxExpense": "7847",
          "totalRevenue": "11590461",
          "totalOperatingExpenses": "13724883",
          "costOfRevenue": "8999890",
          "totalOtherIncomeExpenseNet": "-277203",
          "netIncomeFromContinuingOps": "-2419472",
          "netIncomeApplicableToCommonShares": "-1191134"
        }
      ],
      "yearly": [
        {
          "date": "2019-03-31",
          "currency_symbol": "CAD",
          "researchDevelopment": "7211553",
          "incomeBeforeTax": "-23021688",
          "netIncome": "-23191699",
          "sellingGeneralAdministrative": "15285716",
          "grossProfit": "7614448",
          "ebit": "-14882821",
          "operatingIncome": "-14882821",
          "interestExpense": "-455136",
          "incomeTaxExpense": "170011",
          "totalRevenue": "24442042",
          "totalOperatingExpenses": "39324863",
          "costOfRevenue": "16827594",
          "totalOtherIncomeExpenseNet": "-8138867",
          "netIncomeFromContinuingOps": "-23191699",
          "netIncomeApplicableToCommonShares": "-23191699"
        },
        {
          "date": "2018-03-31",
          "filing_date": "0000-00-00",
          "currency_symbol": "CAD",
          "researchDevelopment": "13550953",
          "incomeBeforeTax": "7699183",
          "netIncome": "17530858",
          "sellingGeneralAdministrative": "15304920",
          "grossProfit": "6324292",
          "ebit": "-22531581",
          "operatingIncome": "-22531581",
          "interestExpense": "-1336728",
          "incomeTaxExpense": "-1640200",
          "totalRevenue": "27645582",
          "totalOperatingExpenses": "50177163",
          "costOfRevenue": "21321290",
          "totalOtherIncomeExpenseNet": "30230764",
          "netIncomeFromContinuingOps": "9339383",
          "netIncomeApplicableToCommonShares": "17530858"
        },
        {
          "date": "2017-03-31",
          "filing_date": "0000-00-00",
          "currency_symbol": "CAD",
          "researchDevelopment": "4468151",
          "incomeBeforeTax": "2984748",
          "minorityInterest": "11052812",
          "netIncome": "6381442",
          "sellingGeneralAdministrative": "15748480",
          "grossProfit": "11817058",
          "ebit": "-8399572",
          "operatingIncome": "-8399572",
          "interestExpense": "-2551744",
          "incomeTaxExpense": "2172580",
          "totalRevenue": "43216049",
          "totalOperatingExpenses": "51615622",
          "costOfRevenue": "31398991",
          "totalOtherIncomeExpenseNet": "11384321",
          "netIncomeFromContinuingOps": "812168",
          "netIncomeApplicableToCommonShares": "6381442"
        },
        {
          "date": "2016-02-29",
          "filing_date": "0000-00-00",
          "currency_symbol": "CAD",
          "researchDevelopment": "6579894",
          "incomeBeforeTax": "-12758082",
          "minorityInterest": "13479751",
          "netIncome": "-7469989",
          "sellingGeneralAdministrative": "13754780",
          "grossProfit": "4567615",
          "ebit": "-15767059",
          "operatingIncome": "-15767059",
          "interestExpense": "-1445965",
          "incomeTaxExpense": "-1928364",
          "totalRevenue": "22632442",
          "totalOperatingExpenses": "38399501",
          "costOfRevenue": "18064827",
          "totalOtherIncomeExpenseNet": "3008977",
          "netIncomeFromContinuingOps": "-10829718",
          "netIncomeApplicableToCommonShares": "-7469989"
        },
        {
          "date": "2015-02-28",
          "filing_date": "0000-00-00",
          "currency_symbol": "CAD",
          "researchDevelopment": "9585643",
          "incomeBeforeTax": "-29577189",
          "minorityInterest": "17573301",
          "netIncome": "-27960545",
          "sellingGeneralAdministrative": "23627439",
          "grossProfit": "-8017842",
          "ebit": "-41230924",
          "operatingIncome": "-41230924",
          "interestExpense": "-871296",
          "incomeTaxExpense": "245093",
          "totalRevenue": "15069912",
          "totalOperatingExpenses": "56300836",
          "costOfRevenue": "23087754",
          "totalOtherIncomeExpenseNet": "11653735",
          "netIncomeFromContinuingOps": "-29822282",
          "netIncomeApplicableToCommonShares": "-27960545"
        },
        {
          "date": "2014-02-28",
          "filing_date": "0000-00-00",
          "currency_symbol": "",
          "researchDevelopment": "7356798",
          "incomeBeforeTax": "-20088958",
          "minorityInterest": "13148404",
          "netIncome": "-20088958",
          "sellingGeneralAdministrative": "13501923",
          "grossProfit": "2278099",
          "ebit": "-18556370",
          "operatingIncome": "-19798200",
          "interestExpense": "1532588",
          "nonRecurring": "1217579",
          "incomeTaxExpense": "0",
          "totalRevenue": "17612334",
          "totalOperatingExpenses": "0",
          "costOfRevenue": "15334235",
          "totalOtherIncomeExpenseNet": "1241830",
          "netIncomeFromContinuingOps": "-20088958",
          "netIncomeApplicableToCommonShares": "-20088958"
        }
      ]
    }
  },
  "SharesStats": {
    "SharesOutstanding": "93597200",
    "SharesFloat": "64584875",
    "SharesShort": "2835298",
    "SharesShortPriorMonth": "2750449",
    "ShortRatio": "17.83",
    "ShortPercentOutstanding": "0.03"
  },
  "outstandingShares": {}
}