{
  "LastUpdate": "0001-01-01T00:00:00Z",
  "General": {
    "Code": "ZUGN",
    "Type": "Common Stock",
    "Name": "Zug Estates Holding AG",
    "Exchange": "SW",
    "CurrencyCode": "CHF",
    "CurrencyName": "Swiss Franc",
    "CurrencySymbol": "CHF",
    "CountryName": "Switzerland",
    "CountryISO": "CH",
    "Sector": "Real Estate",
    "Industry": "Real Estate - General",
    "Description": "Zug Estates Holding AG, together with its subsidiaries, conceives, develops, markets, and manages real estate properties in the Zug region, Switzerland. The company operates in two segments, Real Estate and Hotel \u0026 Catering. Its real estate portfolio includes retail, office, and residential units, as well as other residential and commercial properties. The company also provides property management services for third parties. In addition, it operates a city resort consisting of two business hotels, three restaurants, and serviced city apartments for business clients. Zug Estates Holding AG is based in Zug, Switzerland.",
    "ISIN": "CH0148052126",
    "FullTimeEmployees": 135,
    "UpdatedAt": "2019-10-02",
    "LogoURL": ""
  },
  "Highlights": {
    "MarketCapitalization": "1933018752",
    "MarketCapitalizationMln": "1933.0188",
    "EBITDA": "41873000",
    "PERatio": "22.051",
    "PEGRatio": "0",
    "WallStreetTargetPrice": "1835",
    "BookValue": "1677.794",
    "DividendShare": "28",
    "DividendYield": "0.0138",
    "EarningsShare": "91.606",
    "MostRecentQuarter": "2019-06-30",
    "ProfitMargin": "0.6508",
    "OperatingMarginTTM": "0.5387",
    "ReturnOnAssetsTTM": "0.0154",
    "ReturnOnEquityTTM": "0.0558",
    "RevenueTTM": "71784000",
    "RevenuePerShareTTM": "140.753",
    "QuarterlyRevenueGrowthYOY": "0.04",
    "GrossProfitTTM": "61095000",
    "DilutedEpsTTM": "91.606",
    "QuarterlyEarningsGrowthYOY": "0.426"
  },
  "Valuation": {
    "TrailingPE": "22.051",
    "ForwardPE": "27.5956",
    "PriceBookMRQ": "1.204",
    "EnterpriseValueRevenue": "22.713",
    "EnterpriseValueEbitda": "38.937"
  },
  "Technicals": {
    "Beta": "0.2195",
    "52WeekHigh": "2060",
    "52WeekLow": "1630",
    "50DayMA": "1977.7941",
    "200DayMA": "1843.5461"
  },
  "SplitsDividends": {
    "ForwardAnnualDividendRate": "28",
    "ForwardAnnualDividendYield": "0.0138",
    "PayoutRatio": "0.3056",
    "DividendDate": "2019-04-15",
    "ExDividendDate": "2019-04-11",
    "LastSplitDate": "0000-00-00",
    "NumberDividendsByYear": [
      {
        "Year": 2013,
        "Count": 1
      },
      {
        "Year": 2014,
        "Count": 1
      },
      {
        "Year": 2015,
        "Count": 1
      },
      {
        "Year": 2016,
        "Count": 1
      },
      {
        "Year": 2018,
        "Count": 1
      },
      {
        "Year": 2019,
        "Count": 1
      }
    ]
  },
  "Earnings": {
    "History": [
      {
        "date": "2019-08-30",
        "reportDate": "2019-08-30"
      }
    ],
    "Annual": [
      {
        "date": "2019-08-30",
        "epsActual": "0"
      }
    ]
  },
  "Financials": {
    "Balance_Sheet": {
      "currency_symbol": "CHF",
      "quarterly": [
        {
          "date": "2019-06-30",
          "intangibleAssets": "155000",
          "totalLiab": "801247000",
          "totalStockholderEquity": "855675000",
          "otherCurrentLiab": "21873000",
          "totalAssets": "1656922000",
          "commonStock": "12750000",
          "otherCurrentAssets": "84358000",
          "retainedEarnings": "333434000",
          "otherLiab": "114298000",
          "otherAssets": "2524000",
          "cash": "30971000",
          "totalCurrentLiabilities": "249571000",
          "shortLongTermDebt": "193800000",
          "otherStockholderEquity": "509491000",
          "propertyPlantEquipment": "1527030000",
          "totalCurrentAssets": "126440000",
          "longTermInvestments": "773000",
          "netTangibleAssets": "855520000",
          "netReceivables": "10946000",
          "longTermDebt": "437378000",
          "inventory": "165000",
          "accountsPayable": "5411000"
        },
        {
          "date": "2019-03-31",
          "intangibleAssets": "155000",
          "totalLiab": "801247000",
          "totalStockholderEquity": "855675000",
          "otherCurrentLiab": "21873000",
          "totalAssets": "1656922000",
          "commonStock": "12750000",
          "otherCurrentAssets": "84358000",
          "retainedEarnings": "333434000",
          "otherLiab": "114298000",
          "otherAssets": "2524000",
          "cash": "30971000",
          "totalCurrentLiabilities": "249571000",
          "shortLongTermDebt": "193800000",
          "otherStockholderEquity": "509491000",
          "propertyPlantEquipment": "1527030000",
          "totalCurrentAssets": "126440000",
          "longTermInvestments": "773000",
          "netTangibleAssets": "855520000",
          "netReceivables": "10946000",
          "longTermDebt": "437378000",
          "inventory": "165000",
          "accountsPayable": "5411000"
        },
        {
          "date": "2018-12-31",
          "intangibleAssets": "229000",
          "totalLiab": "708640000",
          "totalStockholderEquity": "843871000",
          "otherCurrentLiab": "23019000",
          "totalAssets": "1552511000",
          "commonStock": "12750000",
          "otherCurrentAssets": "67936000",
          "retainedEarnings": "321630000",
          "otherLiab": "110155000",
          "otherAssets": "2524000",
          "cash": "20464000",
          "totalCurrentLiabilities": "161195000",
          "shortLongTermDebt": "117256000",
          "otherStockholderEquity": "509491000",
          "propertyPlantEquipment": "1456288000",
          "totalCurrentAssets": "92874000",
          "longTermInvestments": "596000",
          "netTangibleAssets": "843642000",
          "netReceivables": "4297000",
          "longTermDebt": "437290000",
          "inventory": "177000",
          "accountsPayable": "941000"
        },
        {
          "date": "2018-09-30",
          "intangibleAssets": "229000",
          "totalLiab": "708640000",
          "totalStockholderEquity": "843871000",
          "otherCurrentLiab": "23019000",
          "totalAssets": "1552511000",
          "commonStock": "12750000",
          "otherCurrentAssets": "67936000",
          "retainedEarnings": "321630000",
          "otherLiab": "110155000",
          "otherAssets": "2524000",
          "cash": "20464000",
          "totalCurrentLiabilities": "161195000",
          "shortLongTermDebt": "117256000",
          "otherStockholderEquity": "509491000",
          "propertyPlantEquipment": "1456288000",
          "totalCurrentAssets": "92874000",
          "longTermInvestments": "596000",
          "netTangibleAssets": "843642000",
          "netReceivables": "4297000",
          "longTermDebt": "437290000",
          "inventory": "177000",
          "accountsPayable": "941000"
        },
        {
          "date": "2018-06-30",
          "intangibleAssets": "291000",
          "totalLiab": "661358000",
          "totalStockholderEquity": "818425000",
          "otherCurrentLiab": "18938000",
          "totalAssets": "1479783000",
          "commonStock": "12750000",
          "otherCurrentAssets": "50176000",
          "retainedEarnings": "296184000",
          "otherLiab": "107650000",
          "otherAssets": "2524000",
          "cash": "25055000",
          "totalCurrentLiabilities": "155821000",
          "shortLongTermDebt": "108271000",
          "otherStockholderEquity": "509491000",
          "propertyPlantEquipment": "1391172000",
          "totalCurrentAssets": "83906000",
          "longTermInvestments": "1890000",
          "netTangibleAssets": "818134000",
          "netReceivables": "8491000",
          "longTermDebt": "397887000",
          "inventory": "184000",
          "accountsPayable": "2766000"
        },
        {
          "date": "2018-03-31",
          "intangibleAssets": "291000",
          "totalLiab": "661358000",
          "totalStockholderEquity": "818425000",
          "otherCurrentLiab": "18938000",
          "totalAssets": "1479783000",
          "commonStock": "12750000",
          "otherCurrentAssets": "50176000",
          "retainedEarnings": "296184000",
          "otherLiab": "107650000",
          "otherAssets": "2524000",
          "cash": "25055000",
          "totalCurrentLiabilities": "155821000",
          "shortLongTermDebt": "108271000",
          "otherStockholderEquity": "509491000",
          "propertyPlantEquipment": "1391172000",
          "totalCurrentAssets": "83906000",
          "longTermInvestments": "1890000",
          "netTangibleAssets": "818134000",
          "netReceivables": "8491000",
          "longTermDebt": "397887000",
          "inventory": "184000",
          "accountsPayable": "2766000"
        },
        {
          "date": "2017-12-31",
          "intangibleAssets": "334000",
          "totalLiab": "609175000",
          "totalStockholderEquity": "804010000",
          "otherCurrentLiab": "15026000",
          "totalAssets": "1413185000",
          "commonStock": "12750000",
          "otherCurrentAssets": "45262000",
          "retainedEarnings": "280950000",
          "otherLiab": "105397000",
          "otherAssets": "2683000",
          "cash": "24661000",
          "totalCurrentLiabilities": "104039000",
          "shortLongTermDebt": "60200000",
          "otherStockholderEquity": "517745000",
          "propertyPlantEquipment": "1333630000",
          "totalCurrentAssets": "74654000",
          "longTermInvestments": "1884000",
          "netTangibleAssets": "803676000",
          "netReceivables": "4545000",
          "longTermDebt": "399739000",
          "inventory": "186000",
          "accountsPayable": "1589000"
        },
        {
          "date": "2017-09-30",
          "intangibleAssets": "334000",
          "totalLiab": "609175000",
          "totalStockholderEquity": "804010000",
          "otherCurrentLiab": "15026000",
          "totalAssets": "1413185000",
          "commonStock": "12750000",
          "otherCurrentAssets": "45262000",
          "retainedEarnings": "280950000",
          "otherLiab": "105397000",
          "otherAssets": "2683000",
          "cash": "24661000",
          "totalCurrentLiabilities": "104039000",
          "shortLongTermDebt": "60200000",
          "otherStockholderEquity": "517745000",
          "propertyPlantEquipment": "1333630000",
          "totalCurrentAssets": "74654000",
          "longTermInvestments": "1884000",
          "netTangibleAssets": "803676000",
          "netReceivables": "4545000",
          "longTermDebt": "399739000",
          "inventory": "186000",
          "accountsPayable": "1589000"
        },
        {
          "date": "2017-06-30",
          "intangibleAssets": "101000",
          "totalLiab": "590283000",
          "totalStockholderEquity": "789641000",
          "otherCurrentLiab": "7476000",
          "totalAssets": "1379924000",
          "commonStock": "12750000",
          "otherCurrentAssets": "24130000",
          "retainedEarnings": "266581000",
          "otherLiab": "105301000",
          "otherAssets": "171000",
          "cash": "78668000",
          "totalCurrentLiabilities": "35275000",
          "shortLongTermDebt": "449907000",
          "otherStockholderEquity": "517745000",
          "propertyPlantEquipment": "1268669000",
          "totalCurrentAssets": "108919000",
          "longTermInvestments": "2064000",
          "netTangibleAssets": "789540000",
          "netReceivables": "5914000",
          "longTermDebt": "449707000",
          "inventory": "207000",
          "accountsPayable": "9350000"
        },
        {
          "date": "2017-03-31",
          "intangibleAssets": "101000",
          "totalLiab": "590283000",
          "totalStockholderEquity": "789641000",
          "otherCurrentLiab": "7476000",
          "totalAssets": "1379924000",
          "commonStock": "12750000",
          "otherCurrentAssets": "24130000",
          "retainedEarnings": "266581000",
          "otherLiab": "105301000",
          "otherAssets": "171000",
          "cash": "78668000",
          "totalCurrentLiabilities": "35275000",
          "shortLongTermDebt": "449907000",
          "otherStockholderEquity": "517745000",
          "propertyPlantEquipment": "1268669000",
          "totalCurrentAssets": "108919000",
          "longTermInvestments": "2064000",
          "netTangibleAssets": "789540000",
          "netReceivables": "5914000",
          "longTermDebt": "449707000",
          "inventory": "207000",
          "accountsPayable": "9350000"
        },
        {
          "date": "2016-12-31",
          "totalLiab": "491000000",
          "otherCurrentLiab": "8000000",
          "totalAssets": "1265000000",
          "commonStock": "13000000",
          "otherCurrentAssets": "25000000",
          "retainedEarnings": "247000000",
          "cash": "18000000",
          "totalCurrentLiabilities": "40000000",
          "shortLongTermDebt": "350000000",
          "totalCurrentAssets": "45000000",
          "longTermInvestments": "2000000",
          "netReceivables": "1000000",
          "longTermDebt": "350000000",
          "accountsPayable": "4000000"
        },
        {
          "date": "2016-09-30",
          "totalLiab": "491000000",
          "otherCurrentLiab": "8000000",
          "totalAssets": "1265000000",
          "commonStock": "13000000",
          "otherCurrentAssets": "25000000",
          "retainedEarnings": "247000000",
          "cash": "18000000",
          "totalCurrentLiabilities": "40000000",
          "shortLongTermDebt": "350000000",
          "totalCurrentAssets": "45000000",
          "longTermInvestments": "2000000",
          "netReceivables": "1000000",
          "longTermDebt": "350000000",
          "accountsPayable": "4000000"
        },
        {
          "date": "2016-06-30",
          "totalLiab": "474000000",
          "otherCurrentLiab": "9000000",
          "totalAssets": "1212000000",
          "commonStock": "13000000",
          "otherCurrentAssets": "2000000",
          "retainedEarnings": "223000000",
          "cash": "38000000",
          "totalCurrentLiabilities": "28000000",
          "shortLongTermDebt": "350000000",
          "totalCurrentAssets": "49000000",
          "longTermInvestments": "2000000",
          "netReceivables": "9000000",
          "longTermDebt": "350000000",
          "accountsPayable": "6000000"
        },
        {
          "date": "2016-03-31",
          "totalLiab": "474000000",
          "otherCurrentLiab": "9000000",
          "totalAssets": "1212000000",
          "commonStock": "13000000",
          "otherCurrentAssets": "2000000",
          "retainedEarnings": "223000000",
          "cash": "38000000",
          "totalCurrentLiabilities": "28000000",
          "shortLongTermDebt": "350000000",
          "totalCurrentAssets": "49000000",
          "longTermInvestments": "2000000",
          "netReceivables": "9000000",
          "longTermDebt": "350000000",
          "accountsPayable": "6000000"
        }
      ],
      "yearly": [
        {
          "date": "2018-12-31",
          "intangibleAssets": "229000",
          "totalLiab": "708640000",
          "totalStockholderEquity": "843871000",
          "otherCurrentLiab": "23019000",
          "totalAssets": "1552511000",
          "commonStock": "12750000",
          "otherCurrentAssets": "67936000",
          "retainedEarnings": "321630000",
          "otherLiab": "110155000",
          "otherAssets": "2524000",
          "cash": "20464000",
          "totalCurrentLiabilities": "161195000",
          "shortLongTermDebt": "117256000",
          "otherStockholderEquity": "509491000",
          "propertyPlantEquipment": "1456288000",
          "totalCurrentAssets": "92874000",
          "longTermInvestments": "596000",
          "netTangibleAssets": "843642000",
          "netReceivables": "4297000",
          "longTermDebt": "437290000",
          "inventory": "177000",
          "accountsPayable": "941000"
        },
        {
          "date": "2017-12-31",
          "intangibleAssets": "334000",
          "totalLiab": "613733000",
          "totalStockholderEquity": "808401000",
          "otherCurrentLiab": "18266000",
          "totalAssets": "1422134000",
          "commonStock": "12750000",
          "otherCurrentAssets": "47581000",
          "retainedEarnings": "285341000",
          "otherLiab": "106148000",
          "otherAssets": "2683000",
          "cash": "30549000",
          "totalCurrentLiabilities": "107846000",
          "shortLongTermDebt": "60200000",
          "otherStockholderEquity": "517745000",
          "propertyPlantEquipment": "1333630000",
          "totalCurrentAssets": "82985000",
          "longTermInvestments": "2502000",
          "netTangibleAssets": "808067000",
          "netReceivables": "4669000",
          "longTermDebt": "399739000",
          "inventory": "186000",
          "accountsPayable": "1690000"
        },
        {
          "date": "2016-12-31",
          "intangibleAssets": "104000",
          "totalLiab": "490875000",
          "totalStockholderEquity": "774528000",
          "otherCurrentLiab": "8296000",
          "totalAssets": "1265403000",
          "commonStock": "12750000",
          "otherCurrentAssets": "25285000",
          "retainedEarnings": "246547000",
          "otherLiab": "100970000",
          "otherAssets": "2695000",
          "cash": "18440000",
          "totalCurrentLiabilities": "39705000",
          "shortLongTermDebt": "350200000",
          "otherStockholderEquity": "527458000",
          "propertyPlantEquipment": "1215954000",
          "totalCurrentAssets": "44940000",
          "longTermInvestments": "1710000",
          "netTangibleAssets": "774424000",
          "netReceivables": "1028000",
          "longTermDebt": "350200000",
          "inventory": "187000",
          "accountsPayable": "3825000"
        },
        {
          "date": "2015-12-31",
          "intangibleAssets": "23000",
          "totalLiab": "466092000",
          "totalStockholderEquity": "723437000",
          "otherCurrentLiab": "10305000",
          "totalAssets": "1189529000",
          "commonStock": "12750000",
          "otherCurrentAssets": "12676000",
          "retainedEarnings": "198194000",
          "otherLiab": "92796000",
          "otherAssets": "4186000",
          "cash": "55235000",
          "totalCurrentLiabilities": "23296000",
          "shortLongTermDebt": "350000000",
          "otherStockholderEquity": "534181000",
          "propertyPlantEquipment": "1113818000",
          "totalCurrentAssets": "69959000",
          "longTermInvestments": "1543000",
          "netTangibleAssets": "723414000",
          "netReceivables": "1771000",
          "longTermDebt": "350000000",
          "inventory": "277000",
          "accountsPayable": "3118000"
        },
        {
          "date": "2014-12-31",
          "intangibleAssets": "43000",
          "totalLiab": "425276000",
          "totalStockholderEquity": "662830000",
          "otherCurrentLiab": "8466000",
          "totalAssets": "1088106000",
          "commonStock": "12750000",
          "otherCurrentAssets": "11863000",
          "retainedEarnings": "131055000",
          "otherLiab": "83680000",
          "otherAssets": "9269000",
          "cash": "24159000",
          "totalCurrentLiabilities": "66596000",
          "shortLongTermDebt": "45000000",
          "otherStockholderEquity": "543159000",
          "propertyPlantEquipment": "1039041000",
          "totalCurrentAssets": "38339000",
          "longTermInvestments": "1414000",
          "netTangibleAssets": "662787000",
          "netReceivables": "1975000",
          "longTermDebt": "275000000",
          "inventory": "342000",
          "accountsPayable": "3048000"
        },
        {
          "date": "2013-12-31",
          "totalLiab": "353000000",
          "otherCurrentLiab": "6000000",
          "totalAssets": "982000000",
          "commonStock": "13000000",
          "otherCurrentAssets": "9000000",
          "retainedEarnings": "86000000",
          "cash": "24000000",
          "totalCurrentLiabilities": "22000000",
          "shortLongTermDebt": "250000000",
          "totalCurrentAssets": "37000000",
          "longTermInvestments": "6000000",
          "netReceivables": "4000000",
          "longTermDebt": "250000000",
          "accountsPayable": "6000000"
        }
      ]
    },
    "Cash_Flow": {
      "currency_symbol": "CHF",
      "quarterly": [
        {
          "date": "2019-06-30",
          "changeToLiabilities": "0",
          "totalCashflowsFromInvestingActivities": "-23229000",
          "totalCashFromFinancingActivities": "31160000",
          "changeToOperatingActivities": "-11173500",
          "netIncome": "13042000",
          "changeInCash": "5253500",
          "totalCashFromOperatingActivities": "-2677500",
          "depreciation": "826500",
          "otherCashflowsFromInvestingActivities": "-23229000",
          "otherCashflowsFromFinancingActivities": "31160000",
          "changeToNetincome": "-5372500"
        },
        {
          "date": "2019-03-31",
          "changeToLiabilities": "0",
          "totalCashflowsFromInvestingActivities": "-23229000",
          "totalCashFromFinancingActivities": "31160000",
          "changeToOperatingActivities": "-11173500",
          "netIncome": "13042000",
          "changeInCash": "5253500",
          "totalCashFromOperatingActivities": "-2677500",
          "depreciation": "826500",
          "otherCashflowsFromInvestingActivities": "-23229000",
          "otherCashflowsFromFinancingActivities": "31160000",
          "changeToNetincome": "-5372500"
        },
        {
          "date": "2018-12-31",
          "investments": "872500",
          "changeToLiabilities": "-256500",
          "totalCashflowsFromInvestingActivities": "-32383000",
          "netBorrowings": "47272000",
          "totalCashFromFinancingActivities": "24178500",
          "changeToOperatingActivities": "-4740500",
          "netIncome": "10527500",
          "changeInCash": "-5239500",
          "totalCashFromOperatingActivities": "2965000",
          "depreciation": "774000",
          "otherCashflowsFromInvestingActivities": "26916500",
          "dividendsPaid": "-6431000",
          "changeToInventory": "-1092000",
          "changeToAccountReceivables": "872500",
          "otherCashflowsFromFinancingActivities": "-16662500",
          "changeToNetincome": "-3204000",
          "capitalExpenditures": "54000"
        },
        {
          "date": "2018-09-30",
          "investments": "872500",
          "changeToLiabilities": "-256500",
          "totalCashflowsFromInvestingActivities": "-32383000",
          "netBorrowings": "47272000",
          "totalCashFromFinancingActivities": "24178500",
          "changeToOperatingActivities": "-4740500",
          "netIncome": "10527500",
          "changeInCash": "-5239500",
          "totalCashFromOperatingActivities": "2965000",
          "depreciation": "774000",
          "otherCashflowsFromInvestingActivities": "26916500",
          "dividendsPaid": "-6431000",
          "changeToInventory": "-1092000",
          "changeToAccountReceivables": "872500",
          "otherCashflowsFromFinancingActivities": "-16662500",
          "changeToNetincome": "-3204000",
          "capitalExpenditures": "54000"
        },
        {
          "date": "2018-06-30",
          "filing_date": "0000-00-00",
          "investments": "872500",
          "changeToLiabilities": "0",
          "totalCashflowsFromInvestingActivities": "-26734000",
          "netBorrowings": "47272000",
          "totalCashFromFinancingActivities": "21423000",
          "changeToOperatingActivities": "-2020500",
          "netIncome": "8878000",
          "changeInCash": "197000",
          "totalCashFromOperatingActivities": "5508000",
          "depreciation": "883500",
          "otherCashflowsFromInvestingActivities": "-26734000",
          "dividendsPaid": "-6431000",
          "changeToInventory": "-1092000",
          "changeToAccountReceivables": "872500",
          "otherCashflowsFromFinancingActivities": "16662500",
          "changeToNetincome": "-2233000",
          "capitalExpenditures": "54000"
        },
        {
          "date": "2018-03-31",
          "filing_date": "0000-00-00",
          "investments": "872500",
          "changeToLiabilities": "0",
          "totalCashflowsFromInvestingActivities": "-26734000",
          "netBorrowings": "47272000",
          "totalCashFromFinancingActivities": "21423000",
          "changeToOperatingActivities": "-2020500",
          "netIncome": "8878000",
          "changeInCash": "197000",
          "totalCashFromOperatingActivities": "5508000",
          "depreciation": "883500",
          "otherCashflowsFromInvestingActivities": "-26734000",
          "dividendsPaid": "-6431000",
          "changeToInventory": "-1092000",
          "changeToAccountReceivables": "872500",
          "otherCashflowsFromFinancingActivities": "16662500",
          "changeToNetincome": "-2233000",
          "capitalExpenditures": "54000"
        },
        {
          "date": "2017-12-31",
          "filing_date": "0000-00-00",
          "changeToLiabilities": "-160000",
          "totalCashflowsFromInvestingActivities": "-39637000",
          "netBorrowings": "54842000",
          "totalCashFromFinancingActivities": "4093000",
          "changeToOperatingActivities": "2794000",
          "netIncome": "7184500",
          "changeInCash": "-27003500",
          "totalCashFromOperatingActivities": "8540500",
          "depreciation": "816000",
          "otherCashflowsFromInvestingActivities": "16855000",
          "dividendsPaid": "-5754500",
          "changeToInventory": "973500",
          "changeToAccountReceivables": "-2236000",
          "salePurchaseOfStock": "3294000",
          "otherCashflowsFromFinancingActivities": "-48288500",
          "changeToNetincome": "-879500",
          "capitalExpenditures": "-1506000"
        },
        {
          "date": "2017-09-30",
          "filing_date": "0000-00-00",
          "changeToLiabilities": "-160000",
          "totalCashflowsFromInvestingActivities": "-39637000",
          "netBorrowings": "54842000",
          "totalCashFromFinancingActivities": "4093000",
          "changeToOperatingActivities": "2794000",
          "netIncome": "7184500",
          "changeInCash": "-27003500",
          "totalCashFromOperatingActivities": "8540500",
          "depreciation": "816000",
          "otherCashflowsFromInvestingActivities": "16855000",
          "dividendsPaid": "-5754500",
          "changeToInventory": "973500",
          "changeToAccountReceivables": "-2236000",
          "salePurchaseOfStock": "3294000",
          "otherCashflowsFromFinancingActivities": "-48288500",
          "changeToNetincome": "-879500",
          "capitalExpenditures": "-1506000"
        },
        {
          "date": "2017-06-30",
          "filing_date": "0000-00-00",
          "changeToLiabilities": "0",
          "totalCashflowsFromInvestingActivities": "-16855000",
          "netBorrowings": "54842000",
          "totalCashFromFinancingActivities": "48288500",
          "changeToOperatingActivities": "-8631000",
          "netIncome": "10017000",
          "changeInCash": "30114000",
          "totalCashFromOperatingActivities": "-1319500",
          "depreciation": "845000",
          "otherCashflowsFromInvestingActivities": "-16855000",
          "dividendsPaid": "-5754500",
          "changeToInventory": "973500",
          "changeToAccountReceivables": "-2236000",
          "salePurchaseOfStock": "3294000",
          "otherCashflowsFromFinancingActivities": "48288500",
          "changeToNetincome": "-3550500",
          "capitalExpenditures": "-1506000"
        },
        {
          "date": "2017-03-31",
          "filing_date": "0000-00-00",
          "changeToLiabilities": "0",
          "totalCashflowsFromInvestingActivities": "-16855000",
          "netBorrowings": "54842000",
          "totalCashFromFinancingActivities": "48288500",
          "changeToOperatingActivities": "-8631000",
          "netIncome": "10017000",
          "changeInCash": "30114000",
          "totalCashFromOperatingActivities": "-1319500",
          "depreciation": "845000",
          "otherCashflowsFromInvestingActivities": "-16855000",
          "dividendsPaid": "-5754500",
          "changeToInventory": "973500",
          "changeToAccountReceivables": "-2236000",
          "salePurchaseOfStock": "3294000",
          "otherCashflowsFromFinancingActivities": "48288500",
          "changeToNetincome": "-3550500",
          "capitalExpenditures": "-1506000"
        },
        {
          "date": "2016-12-31",
          "filing_date": "0000-00-00",
          "totalCashflowsFromInvestingActivities": "-16000000",
          "totalCashFromFinancingActivities": "6000000",
          "changeToOperatingActivities": "-12000000",
          "netIncome": "12000000",
          "changeInCash": "-10000000",
          "depreciation": "1000000",
          "changeToInventory": "1000000",
          "changeToAccountReceivables": "2000000",
          "otherCashflowsFromFinancingActivities": "-15000000"
        },
        {
          "date": "2016-09-30",
          "filing_date": "0000-00-00",
          "totalCashflowsFromInvestingActivities": "-16000000",
          "totalCashFromFinancingActivities": "6000000",
          "changeToOperatingActivities": "-12000000",
          "netIncome": "12000000",
          "changeInCash": "-10000000",
          "depreciation": "1000000",
          "changeToInventory": "1000000",
          "changeToAccountReceivables": "2000000",
          "otherCashflowsFromFinancingActivities": "-15000000"
        },
        {
          "date": "2016-06-30",
          "filing_date": "0000-00-00",
          "totalCashflowsFromInvestingActivities": "-9000000",
          "totalCashFromFinancingActivities": "-5000000",
          "changeToOperatingActivities": "-12000000",
          "netIncome": "12000000",
          "changeInCash": "-9000000",
          "totalCashFromOperatingActivities": "5000000",
          "depreciation": "1000000",
          "changeToInventory": "1000000",
          "changeToAccountReceivables": "2000000",
          "otherCashflowsFromFinancingActivities": "-9000000"
        },
        {
          "date": "2016-03-31",
          "filing_date": "0000-00-00",
          "totalCashflowsFromInvestingActivities": "-9000000",
          "totalCashFromFinancingActivities": "-5000000",
          "changeToOperatingActivities": "-12000000",
          "netIncome": "12000000",
          "changeInCash": "-9000000",
          "totalCashFromOperatingActivities": "5000000",
          "depreciation": "1000000",
          "changeToInventory": "1000000",
          "changeToAccountReceivables": "2000000",
          "otherCashflowsFromFinancingActivities": "-9000000"
        }
      ],
      "yearly": [
        {
          "date": "2018-12-31",
          "investments": "1745000",
          "changeToLiabilities": "-513000",
          "totalCashflowsFromInvestingActivities": "-118234000",
          "netBorrowings": "94544000",
          "totalCashFromFinancingActivities": "91203000",
          "changeToOperatingActivities": "-13522000",
          "netIncome": "38811000",
          "changeInCash": "-10085000",
          "totalCashFromOperatingActivities": "16946000",
          "depreciation": "3315000",
          "otherCashflowsFromInvestingActivities": "365000",
          "dividendsPaid": "-12862000",
          "changeToInventory": "-2184000",
          "changeToAccountReceivables": "1745000",
          "changeToNetincome": "-10874000",
          "capitalExpenditures": "108000"
        },
        {
          "date": "2017-12-31",
          "filing_date": "0000-00-00",
          "investments": "-277000",
          "changeToLiabilities": "-668000",
          "totalCashflowsFromInvestingActivities": "-113261000",
          "netBorrowings": "109684000",
          "totalCashFromFinancingActivities": "104763000",
          "changeToOperatingActivities": "-10005000",
          "netIncome": "34576000",
          "changeInCash": "6200000",
          "totalCashFromOperatingActivities": "14698000",
          "depreciation": "3322000",
          "otherCashflowsFromInvestingActivities": "365000",
          "dividendsPaid": "-11509000",
          "changeToInventory": "1947000",
          "changeToAccountReceivables": "-5739000",
          "salePurchaseOfStock": "6588000",
          "changeToNetincome": "-8831000",
          "capitalExpenditures": "3012000"
        },
        {
          "date": "2016-12-31",
          "filing_date": "0000-00-00",
          "investments": "-65000",
          "changeToLiabilities": "-931000",
          "totalCashflowsFromInvestingActivities": "-48600000",
          "netBorrowings": "109684000",
          "totalCashFromFinancingActivities": "2738000",
          "changeToOperatingActivities": "-24182000",
          "netIncome": "48353000",
          "changeInCash": "-36795000",
          "totalCashFromOperatingActivities": "9067000",
          "depreciation": "3095000",
          "otherCashflowsFromInvestingActivities": "365000",
          "dividendsPaid": "-10094000",
          "changeToInventory": "1973000",
          "changeToAccountReceivables": "3867000",
          "salePurchaseOfStock": "12832000",
          "otherCashflowsFromFinancingActivities": "-48000000",
          "changeToNetincome": "-23146000",
          "capitalExpenditures": "414000"
        },
        {
          "date": "2015-12-31",
          "filing_date": "0000-00-00",
          "investments": "-10046000",
          "changeToLiabilities": "-1889000",
          "totalCashflowsFromInvestingActivities": "-15683000",
          "netBorrowings": "30000000",
          "totalCashFromFinancingActivities": "23468000",
          "changeToOperatingActivities": "-4229000",
          "netIncome": "67139000",
          "changeInCash": "31076000",
          "totalCashFromOperatingActivities": "23291000",
          "depreciation": "3274000",
          "otherCashflowsFromInvestingActivities": "365000",
          "dividendsPaid": "-9075000",
          "changeToInventory": "4870000",
          "changeToAccountReceivables": "-2164000",
          "salePurchaseOfStock": "2543000",
          "otherCashflowsFromFinancingActivities": "-15000000",
          "changeToNetincome": "-43745000",
          "capitalExpenditures": "377000"
        },
        {
          "date": "2014-12-31",
          "filing_date": "0000-00-00",
          "investments": "-10046000",
          "changeToLiabilities": "-4410000",
          "totalCashflowsFromInvestingActivities": "-80954000",
          "netBorrowings": "70000000",
          "totalCashFromFinancingActivities": "63296000",
          "changeToOperatingActivities": "-2283000",
          "netIncome": "45149000",
          "changeInCash": "335000",
          "totalCashFromOperatingActivities": "17993000",
          "depreciation": "3569000",
          "dividendsPaid": "-8144000",
          "changeToInventory": "-3455000",
          "changeToAccountReceivables": "263000",
          "salePurchaseOfStock": "15993000",
          "otherCashflowsFromFinancingActivities": "-80000000",
          "changeToNetincome": "-20869000",
          "capitalExpenditures": "-952000"
        },
        {
          "date": "2013-12-31",
          "filing_date": "0000-00-00",
          "totalCashflowsFromInvestingActivities": "-57000000",
          "totalCashFromFinancingActivities": "-18000000",
          "changeToOperatingActivities": "5000000",
          "netIncome": "45000000",
          "changeInCash": "-52000000",
          "totalCashFromOperatingActivities": "23000000",
          "depreciation": "4000000",
          "changeToInventory": "-3000000",
          "changeToAccountReceivables": "-2000000",
          "otherCashflowsFromFinancingActivities": "-56000000",
          "capitalExpenditures": "-1000000"
        }
      ]
    },
    "Income_Statement": {
      "currency_symbol": "CHF",
      "quarterly": [
        {
          "date": "2019-06-30",
          "incomeBeforeTax": "15191000",
          "netIncome": "13042000",
          "sellingGeneralAdministrative": "3611000",
          "grossProfit": "16067500",
          "ebit": "10176500",
          "operatingIncome": "10176500",
          "otherOperatingExpenses": "1453500",
          "interestExpense": "-1233000",
          "incomeTaxExpense": "2149000",
          "totalRevenue": "18360500",
          "totalOperatingExpenses": "8184000",
          "costOfRevenue": "2293000",
          "totalOtherIncomeExpenseNet": "5014500",
          "netIncomeFromContinuingOps": "13042000",
          "netIncomeApplicableToCommonShares": "13042000"
        },
        {
          "date": "2019-03-31",
          "incomeBeforeTax": "15191000",
          "netIncome": "13042000",
          "sellingGeneralAdministrative": "3611000",
          "grossProfit": "16067500",
          "ebit": "10176500",
          "operatingIncome": "10176500",
          "otherOperatingExpenses": "1453500",
          "interestExpense": "-1233000",
          "incomeTaxExpense": "2149000",
          "totalRevenue": "18360500",
          "totalOperatingExpenses": "8184000",
          "costOfRevenue": "2293000",
          "totalOtherIncomeExpenseNet": "5014500",
          "netIncomeFromContinuingOps": "13042000",
          "netIncomeApplicableToCommonShares": "13042000"
        },
        {
          "date": "2018-12-31",
          "incomeBeforeTax": "11835000",
          "netIncome": "10527500",
          "sellingGeneralAdministrative": "4138500",
          "grossProfit": "14826500",
          "ebit": "9397000",
          "operatingIncome": "9397000",
          "otherOperatingExpenses": "433000",
          "interestExpense": "-1378000",
          "incomeTaxExpense": "1307500",
          "totalRevenue": "18201000",
          "totalOperatingExpenses": "8804000",
          "costOfRevenue": "3374500",
          "totalOtherIncomeExpenseNet": "2438000",
          "netIncomeFromContinuingOps": "10527500",
          "netIncomeApplicableToCommonShares": "10527500"
        },
        {
          "date": "2018-09-30",
          "incomeBeforeTax": "11835000",
          "netIncome": "10527500",
          "sellingGeneralAdministrative": "4138500",
          "grossProfit": "14826500",
          "ebit": "9397000",
          "operatingIncome": "9397000",
          "otherOperatingExpenses": "433000",
          "interestExpense": "-1378000",
          "incomeTaxExpense": "1307500",
          "totalRevenue": "18201000",
          "totalOperatingExpenses": "8804000",
          "costOfRevenue": "3374500",
          "totalOtherIncomeExpenseNet": "2438000",
          "netIncomeFromContinuingOps": "10527500",
          "netIncomeApplicableToCommonShares": "10527500"
        },
        {
          "date": "2018-06-30",
          "filing_date": "0000-00-00",
          "incomeBeforeTax": "10222000",
          "netIncome": "8878000",
          "sellingGeneralAdministrative": "3493500",
          "grossProfit": "15721000",
          "ebit": "9960500",
          "operatingIncome": "9960500",
          "otherOperatingExpenses": "1383500",
          "interestExpense": "-1482000",
          "incomeTaxExpense": "1344000",
          "totalRevenue": "16986000",
          "totalOperatingExpenses": "7025500",
          "costOfRevenue": "1265000",
          "totalOtherIncomeExpenseNet": "261500",
          "netIncomeFromContinuingOps": "8878000",
          "netIncomeApplicableToCommonShares": "8878000"
        },
        {
          "date": "2018-03-31",
          "filing_date": "0000-00-00",
          "incomeBeforeTax": "10222000",
          "netIncome": "8878000",
          "sellingGeneralAdministrative": "3493500",
          "grossProfit": "15721000",
          "ebit": "9960500",
          "operatingIncome": "9960500",
          "otherOperatingExpenses": "1383500",
          "interestExpense": "-1482000",
          "incomeTaxExpense": "1344000",
          "totalRevenue": "16986000",
          "totalOperatingExpenses": "7025500",
          "costOfRevenue": "1265000",
          "totalOtherIncomeExpenseNet": "261500",
          "netIncomeFromContinuingOps": "8878000",
          "netIncomeApplicableToCommonShares": "8878000"
        },
        {
          "date": "2017-12-31",
          "filing_date": "0000-00-00",
          "incomeBeforeTax": "8305500",
          "netIncome": "7184500",
          "sellingGeneralAdministrative": "4101000",
          "grossProfit": "13689500",
          "ebit": "9023000",
          "operatingIncome": "9023000",
          "otherOperatingExpenses": "-298500",
          "interestExpense": "-1591000",
          "incomeTaxExpense": "1121000",
          "totalRevenue": "15243000",
          "totalOperatingExpenses": "6220000",
          "costOfRevenue": "1553500",
          "totalOtherIncomeExpenseNet": "-717500",
          "netIncomeFromContinuingOps": "7184500",
          "netIncomeApplicableToCommonShares": "7184500"
        },
        {
          "date": "2017-09-30",
          "filing_date": "0000-00-00",
          "incomeBeforeTax": "8305500",
          "netIncome": "7184500",
          "sellingGeneralAdministrative": "4101000",
          "grossProfit": "13689500",
          "ebit": "9023000",
          "operatingIncome": "9023000",
          "otherOperatingExpenses": "-298500",
          "interestExpense": "-1591000",
          "incomeTaxExpense": "1121000",
          "totalRevenue": "15243000",
          "totalOperatingExpenses": "6220000",
          "costOfRevenue": "1553500",
          "totalOtherIncomeExpenseNet": "-717500",
          "netIncomeFromContinuingOps": "7184500",
          "netIncomeApplicableToCommonShares": "7184500"
        },
        {
          "date": "2017-06-30",
          "filing_date": "0000-00-00",
          "incomeBeforeTax": "11759000",
          "netIncome": "10017000",
          "sellingGeneralAdministrative": "3468000",
          "grossProfit": "14673000",
          "ebit": "8959000",
          "operatingIncome": "8959000",
          "otherOperatingExpenses": "1401000",
          "interestExpense": "-1290500",
          "incomeTaxExpense": "1742000",
          "totalRevenue": "15616000",
          "totalOperatingExpenses": "6657000",
          "costOfRevenue": "943000",
          "totalOtherIncomeExpenseNet": "2800000",
          "netIncomeFromContinuingOps": "10017000",
          "netIncomeApplicableToCommonShares": "10017000"
        },
        {
          "date": "2017-03-31",
          "filing_date": "0000-00-00",
          "incomeBeforeTax": "11759000",
          "netIncome": "10017000",
          "sellingGeneralAdministrative": "3468000",
          "grossProfit": "14673000",
          "ebit": "8959000",
          "operatingIncome": "8959000",
          "otherOperatingExpenses": "1401000",
          "interestExpense": "-1290500",
          "incomeTaxExpense": "1742000",
          "totalRevenue": "15616000",
          "totalOperatingExpenses": "6657000",
          "costOfRevenue": "943000",
          "totalOtherIncomeExpenseNet": "2800000",
          "netIncomeFromContinuingOps": "10017000",
          "netIncomeApplicableToCommonShares": "10017000"
        },
        {
          "date": "2016-12-31",
          "filing_date": "0000-00-00",
          "netIncome": "12000000",
          "grossProfit": "13000000",
          "ebit": "9000000",
          "operatingIncome": "9000000",
          "interestExpense": "-2000000",
          "incomeTaxExpense": "2000000",
          "totalRevenue": "15000000",
          "totalOperatingExpenses": "6000000",
          "costOfRevenue": "1000000"
        },
        {
          "date": "2016-09-30",
          "filing_date": "0000-00-00",
          "netIncome": "12000000",
          "grossProfit": "13000000",
          "ebit": "9000000",
          "operatingIncome": "9000000",
          "interestExpense": "-2000000",
          "incomeTaxExpense": "2000000",
          "totalRevenue": "15000000",
          "totalOperatingExpenses": "6000000",
          "costOfRevenue": "1000000"
        },
        {
          "date": "2016-06-30",
          "filing_date": "0000-00-00",
          "netIncome": "12000000",
          "grossProfit": "14000000",
          "ebit": "9000000",
          "operatingIncome": "9000000",
          "interestExpense": "-2000000",
          "incomeTaxExpense": "2000000",
          "totalRevenue": "15000000",
          "totalOperatingExpenses": "6000000",
          "costOfRevenue": "1000000"
        },
        {
          "date": "2016-03-31",
          "filing_date": "0000-00-00",
          "netIncome": "12000000",
          "grossProfit": "14000000",
          "ebit": "9000000",
          "operatingIncome": "9000000",
          "interestExpense": "-2000000",
          "incomeTaxExpense": "2000000",
          "totalRevenue": "15000000",
          "totalOperatingExpenses": "6000000",
          "costOfRevenue": "1000000"
        }
      ],
      "yearly": [
        {
          "date": "2018-12-31",
          "incomeBeforeTax": "44114000",
          "netIncome": "38811000",
          "sellingGeneralAdministrative": "15264000",
          "grossProfit": "61095000",
          "ebit": "38715000",
          "operatingIncome": "38715000",
          "otherOperatingExpenses": "3633000",
          "interestExpense": "-5720000",
          "incomeTaxExpense": "5303000",
          "totalRevenue": "70374000",
          "totalOperatingExpenses": "31659000",
          "costOfRevenue": "9279000",
          "totalOtherIncomeExpenseNet": "5399000",
          "netIncomeFromContinuingOps": "38811000",
          "netIncomeApplicableToCommonShares": "38811000"
        },
        {
          "date": "2017-12-31",
          "filing_date": "0000-00-00",
          "incomeBeforeTax": "40331000",
          "netIncome": "34576000",
          "sellingGeneralAdministrative": "15187000",
          "grossProfit": "57384000",
          "ebit": "36152000",
          "operatingIncome": "36152000",
          "otherOperatingExpenses": "2627000",
          "interestExpense": "-5763000",
          "incomeTaxExpense": "5755000",
          "totalRevenue": "64612000",
          "totalOperatingExpenses": "28460000",
          "costOfRevenue": "7228000",
          "totalOtherIncomeExpenseNet": "4179000",
          "netIncomeFromContinuingOps": "34576000",
          "netIncomeApplicableToCommonShares": "34576000"
        },
        {
          "date": "2016-12-31",
          "filing_date": "0000-00-00",
          "incomeBeforeTax": "56667000",
          "netIncome": "48353000",
          "sellingGeneralAdministrative": "14353000",
          "grossProfit": "55002000",
          "ebit": "35311000",
          "operatingIncome": "35311000",
          "otherOperatingExpenses": "2205000",
          "interestExpense": "-7251000",
          "incomeTaxExpense": "8314000",
          "totalRevenue": "59851000",
          "totalOperatingExpenses": "24540000",
          "costOfRevenue": "4849000",
          "totalOtherIncomeExpenseNet": "21356000",
          "netIncomeFromContinuingOps": "48353000",
          "netIncomeApplicableToCommonShares": "48353000"
        },
        {
          "date": "2015-12-31",
          "filing_date": "0000-00-00",
          "incomeBeforeTax": "78845000",
          "netIncome": "67139000",
          "sellingGeneralAdministrative": "15292000",
          "grossProfit": "56566000",
          "ebit": "35871000",
          "operatingIncome": "35871000",
          "otherOperatingExpenses": "2094000",
          "interestExpense": "-7626000",
          "incomeTaxExpense": "11706000",
          "totalRevenue": "61148000",
          "totalOperatingExpenses": "25277000",
          "costOfRevenue": "4582000",
          "totalOtherIncomeExpenseNet": "42974000",
          "netIncomeFromContinuingOps": "67139000",
          "netIncomeApplicableToCommonShares": "67139000"
        },
        {
          "date": "2014-12-31",
          "filing_date": "0000-00-00",
          "incomeBeforeTax": "50506000",
          "netIncome": "45149000",
          "sellingGeneralAdministrative": "15208000",
          "grossProfit": "54635000",
          "ebit": "34058000",
          "operatingIncome": "34058000",
          "otherOperatingExpenses": "1771000",
          "interestExpense": "-5978000",
          "incomeTaxExpense": "5357000",
          "totalRevenue": "59975000",
          "totalOperatingExpenses": "25917000",
          "costOfRevenue": "5340000",
          "totalOtherIncomeExpenseNet": "16448000",
          "netIncomeFromContinuingOps": "45149000",
          "netIncomeApplicableToCommonShares": "45149000"
        },
        {
          "date": "2013-12-31",
          "filing_date": "0000-00-00",
          "netIncome": "45000000",
          "grossProfit": "50000000",
          "ebit": "30000000",
          "operatingIncome": "30000000",
          "interestExpense": "-6000000",
          "incomeTaxExpense": "8000000",
          "totalRevenue": "57000000",
          "totalOperatingExpenses": "27000000",
          "costOfRevenue": "7000000"
        }
      ]
    }
  },
  "SharesStats": {
    "SharesOutstanding": "460340",
    "SharesFloat": "199384"
  },
  "outstandingShares": {}
}