{"0":{"General":{"Code":"ZSV","Type":"Common Stock","Name":"SSR Mining Inc","Exchange":"F","CurrencyCode":"EUR","CurrencyName":"Euro","CurrencySymbol":"\u20ac","CountryName":"Germany","CountryISO":"DE","ISIN":null,"Sector":"Basic Materials","Industry":"Gold","Description":"SSR Mining Inc. engages in the acquisition, exploration, development, and operation of precious metal resource properties in the Americas. The company primarily explores for gold and silver deposits. Its projects include the Marigold mine located in Humboldt County, Nevada, the United States; the Seabee Gold Operation located in Saskatchewan, Canada; and the Puna Operations in Jujuy, Argentina. The company was formerly known as Silver Standard Resources Inc. and changed its name to SSR Mining Inc. in August 2017. SSR Mining Inc. was founded in 1946 and is based in Vancouver, Canada.","FullTimeEmployees":1359,"UpdatedAt":"2019-09-24"},"Highlights":{"MarketCapitalization":1706100352,"MarketCapitalizationMln":"1706.1004","EBITDA":155970000,"PERatio":"87.2375","PEGRatio":"0.0000","WallStreetTargetPrice":null,"BookValue":"8.6110","DividendShare":null,"DividendYield":"0.0000","EarningsShare":"0.1600","EPSEstimateCurrentYear":null,"EPSEstimateNextYear":null,"EPSEstimateNextQuarter":null,"MostRecentQuarter":"2019-06-30","ProfitMargin":"0.0400","OperatingMarginTTM":"0.0981","ReturnOnAssetsTTM":"0.0194","ReturnOnEquityTTM":"0.0172","RevenueTTM":"500144000.00","RevenuePerShareTTM":"4.1430","QuarterlyRevenueGrowthYOY":"0.4910","GrossProfitTTM":"76845000.00","DilutedEpsTTM":"0.1600","QuarterlyEarningsGrowthYOY":"1.1920"},"Valuation":{"TrailingPE":"87.2375","ForwardPE":null,"PriceSalesTTM":null,"PriceBookMRQ":"1.6210","EnterpriseValueRevenue":"3.0570","EnterpriseValueEbitda":"9.8040"},"Technicals":{"Beta":"0.0837","52WeekHigh":"15.6500","52WeekLow":"7.2700","50DayMA":"14.2679","200DayMA":"12.0966","SharesShort":null,"SharesShortPriorMonth":null,"ShortRatio":null,"ShortPercent":null},"SplitsDividends":{"ForwardAnnualDividendRate":null,"ForwardAnnualDividendYield":"0.0000","PayoutRatio":"0.0000","DividendDate":"0000-00-00","ExDividendDate":"0000-00-00","LastSplitFactor":"","LastSplitDate":"0000-00-00"},"Earnings":{"Last_0":{"date":"2018-03-31","epsActual":0,"epsEstimate":null,"epsDifference":null,"surprisePercent":null},"Last_1":{"date":"0000-00-00","epsActual":0,"epsEstimate":0,"epsDifference":0,"surprisePercent":0},"Last_2":{"date":"0000-00-00","epsActual":0,"epsEstimate":0,"epsDifference":0,"surprisePercent":0},"Last_3":{"date":"0000-00-00","epsActual":0,"epsEstimate":0,"epsDifference":0,"surprisePercent":0}},"Financials":{"Balance_Sheet":{"currency_symbol":"GBP","quarterly_last_0":{"date":"2019-06-30","filing_date":null,"intangibleAssets":null,"totalLiab":"568508000.00","totalStockholderEquity":"1045124000.00","deferredLongTermLiab":null,"otherCurrentLiab":"10912000.00","totalAssets":"1650222000.00","commonStock":"1060382000.00","otherCurrentAssets":"8034000.00","retainedEarnings":"-116219000.00","otherLiab":"200836000.00","goodWill":"49786000.00","otherAssets":"44750000.00","cash":"452160000.00","totalCurrentLiabilities":"198325000.00","shortLongTermDebt":"113772000.00","otherStockholderEquity":"100961000.00","propertyPlantEquipment":"757676000.00","totalCurrentAssets":"798010000.00","longTermInvestments":null,"netTangibleAssets":"995338000.00","shortTermInvestments":"37712000.00","netReceivables":"79513000.00","longTermDebt":"166143000.00","inventory":"220591000.00","accountsPayable":"73641000.00"},"quarterly_last_1":{"date":"2019-03-31","filing_date":null,"intangibleAssets":null,"totalLiab":"544523000.00","totalStockholderEquity":"1027812000.00","deferredLongTermLiab":null,"otherCurrentLiab":"4604000.00","totalAssets":"1607142000.00","commonStock":"1059591000.00","otherCurrentAssets":"9993000.00","retainedEarnings":"-126850000.00","otherLiab":"193147000.00","goodWill":"49786000.00","otherAssets":"37058000.00","cash":"461351000.00","totalCurrentLiabilities":"183733000.00","shortLongTermDebt":"109125000.00","otherStockholderEquity":"95071000.00","propertyPlantEquipment":"719807000.00","totalCurrentAssets":"800491000.00","longTermInvestments":null,"netTangibleAssets":"978026000.00","shortTermInvestments":"32634000.00","netReceivables":"55217000.00","longTermDebt":"164380000.00","inventory":"241296000.00","accountsPayable":"70004000.00"},"quarterly_last_2":{"date":"2018-12-31","filing_date":null,"intangibleAssets":null,"totalLiab":"515162000.00","totalStockholderEquity":"974147000.00","deferredLongTermLiab":null,"otherCurrentLiab":"16049000.00","totalAssets":"1521138000.00","commonStock":"1055417000.00","otherCurrentAssets":"1431000.00","retainedEarnings":"-133314000.00","otherLiab":"184357000.00","goodWill":"49786000.00","otherAssets":"37058000.00","cash":"419212000.00","totalCurrentLiabilities":"83254000.00","shortLongTermDebt":null,"otherStockholderEquity":"52044000.00","propertyPlantEquipment":"701175000.00","totalCurrentAssets":"733119000.00","longTermInvestments":null,"netTangibleAssets":"924361000.00","shortTermInvestments":"29542000.00","netReceivables":"39306000.00","longTermDebt":"247551000.00","inventory":"232748000.00","accountsPayable":"15896000.00"},"quarterly_last_3":{"date":"2018-09-30","filing_date":null,"intangibleAssets":null,"totalLiab":"507425000.00","totalStockholderEquity":"974205000.00","deferredLongTermLiab":null,"otherCurrentLiab":"13783000.00","totalAssets":"1503717000.00","commonStock":"1050776000.00","otherCurrentAssets":"3163000.00","retainedEarnings":"-129828000.00","otherLiab":"181456000.00","goodWill":"49786000.00","otherAssets":"29325000.00","cash":"474511000.00","totalCurrentLiabilities":"82111000.00","shortLongTermDebt":null,"otherStockholderEquity":"53257000.00","propertyPlantEquipment":"693047000.00","totalCurrentAssets":"731559000.00","longTermInvestments":null,"netTangibleAssets":"924419000.00","shortTermInvestments":"6714000.00","netReceivables":"32497000.00","longTermDebt":"243858000.00","inventory":"214674000.00","accountsPayable":"26277000.00"},"yearly_last_0":{"date":"2018-12-31","filing_date":null,"intangibleAssets":null,"totalLiab":"515162000.00","totalStockholderEquity":"974147000.00","deferredLongTermLiab":null,"otherCurrentLiab":"16049000.00","totalAssets":"1521138000.00","commonStock":"1055417000.00","otherCurrentAssets":"1431000.00","retainedEarnings":"-133314000.00","otherLiab":"184357000.00","goodWill":"49786000.00","otherAssets":"37058000.00","cash":"419212000.00","totalCurrentLiabilities":"83254000.00","shortLongTermDebt":null,"otherStockholderEquity":"52044000.00","propertyPlantEquipment":"701175000.00","totalCurrentAssets":"733119000.00","longTermInvestments":null,"netTangibleAssets":"924361000.00","shortTermInvestments":"29542000.00","netReceivables":"39306000.00","longTermDebt":"247551000.00","inventory":"232748000.00","accountsPayable":"15896000.00"},"yearly_last_1":{"date":"2017-12-31","filing_date":null,"intangibleAssets":null,"totalLiab":"513526000.00","totalStockholderEquity":"1000885000.00","deferredLongTermLiab":"114576000.00","otherCurrentLiab":"15698000.00","totalAssets":"1537454000.00","commonStock":"1047233000.00","otherCurrentAssets":"2705000.00","retainedEarnings":"-139693000.00","otherLiab":"208880000.00","goodWill":"49786000.00","otherAssets":"29442000.00","cash":"459864000.00","totalCurrentLiabilities":"71466000.00","shortLongTermDebt":"233180000.00","otherStockholderEquity":"93345000.00","propertyPlantEquipment":"658629000.00","totalCurrentAssets":"799597000.00","longTermInvestments":null,"netTangibleAssets":"951099000.00","shortTermInvestments":"114001000.00","netReceivables":"31571000.00","longTermDebt":"233180000.00","inventory":"182581000.00","accountsPayable":"16740000.00"},"yearly_last_2":{"date":"2016-12-31","filing_date":null,"intangibleAssets":null,"totalLiab":"536809000.00","totalStockholderEquity":"901879000.00","deferredLongTermLiab":"116887000.00","otherCurrentLiab":"84053000.00","totalAssets":"1438688000.00","commonStock":"1043555000.00","otherCurrentAssets":"12097000.00","retainedEarnings":"-209009000.00","otherLiab":"172449000.00","goodWill":"49786000.00","otherAssets":"20834000.00","cash":"327127000.00","totalCurrentLiabilities":"144306000.00","shortLongTermDebt":"220054000.00","otherStockholderEquity":"67333000.00","propertyPlantEquipment":"663828000.00","totalCurrentAssets":"704240000.00","longTermInvestments":"6531000.00","netTangibleAssets":"852093000.00","shortTermInvestments":"148944000.00","netReceivables":"55056000.00","longTermDebt":"220054000.00","inventory":"154915000.00","accountsPayable":"17083000.00"},"yearly_last_3":{"date":"2015-12-31","filing_date":null,"intangibleAssets":null,"totalLiab":"424494000.00","totalStockholderEquity":"447183000.00","deferredLongTermLiab":"29026000.00","otherCurrentLiab":"79465000.00","totalAssets":"871677000.00","commonStock":"707607000.00","otherCurrentAssets":"3979000.00","retainedEarnings":"-273966000.00","otherLiab":"80558000.00","goodWill":null,"otherAssets":"46231000.00","cash":"211862000.00","totalCurrentLiabilities":"135851000.00","shortLongTermDebt":"212358000.00","otherStockholderEquity":"13542000.00","propertyPlantEquipment":"348712000.00","totalCurrentAssets":"476734000.00","longTermInvestments":"39035000.00","netTangibleAssets":"447183000.00","shortTermInvestments":"88184000.00","netReceivables":"30509000.00","longTermDebt":"208085000.00","inventory":"135976000.00","accountsPayable":"17697000.00"}},"Cash_Flow":{"currency_symbol":"GBP","quarterly_last_0":{"date":"2019-06-30","filing_date":null,"investments":"291000.00","changeToLiabilities":"-1000.00","totalCashflowsFromInvestingActivities":"-44955000.00","netBorrowings":"-430000.00","totalCashFromFinancingActivities":"791000.00","changeToOperatingActivities":"115000.00","netIncome":"10631000.00","changeInCash":"-9191000.00","totalCashFromOperatingActivities":"33367000.00","depreciation":"29355000.00","otherCashflowsFromInvestingActivities":"-4332000.00","dividendsPaid":null,"changeToInventory":"16121000.00","changeToAccountReceivables":"-27614000.00","salePurchaseOfStock":null,"otherCashflowsFromFinancingActivities":null,"changeToNetincome":"4760000.00","capitalExpenditures":"18914000.00"},"quarterly_last_1":{"date":"2019-03-31","filing_date":null,"investments":"947000.00","changeToLiabilities":"1831000.00","totalCashflowsFromInvestingActivities":"-33762000.00","netBorrowings":"77750000.00","totalCashFromFinancingActivities":"77441000.00","changeToOperatingActivities":"-236000.00","netIncome":"6464000.00","changeInCash":"42139000.00","totalCashFromOperatingActivities":"-303000.00","depreciation":"25798000.00","otherCashflowsFromInvestingActivities":"-7983000.00","dividendsPaid":null,"changeToInventory":"-14676000.00","changeToAccountReceivables":"-14296000.00","salePurchaseOfStock":null,"otherCashflowsFromFinancingActivities":"-3357000.00","changeToNetincome":"-5188000.00","capitalExpenditures":"26726000.00"},"quarterly_last_2":{"date":"2018-12-31","filing_date":null,"investments":"-23057000.00","changeToLiabilities":"-1409000.00","totalCashflowsFromInvestingActivities":"-63027000.00","netBorrowings":"77750000.00","totalCashFromFinancingActivities":"11903000.00","changeToOperatingActivities":"-4416000.00","netIncome":"-3486000.00","changeInCash":"-55299000.00","totalCashFromOperatingActivities":"-3744000.00","depreciation":"22650000.00","otherCashflowsFromInvestingActivities":"-5030000.00","dividendsPaid":null,"changeToInventory":"-11225000.00","changeToAccountReceivables":"-5235000.00","salePurchaseOfStock":null,"otherCashflowsFromFinancingActivities":"8800000.00","changeToNetincome":"-623000.00","capitalExpenditures":"34940000.00"},"quarterly_last_3":{"date":"2018-09-30","filing_date":null,"investments":"-23057000.00","changeToLiabilities":"11795000.00","totalCashflowsFromInvestingActivities":"-56021000.00","netBorrowings":"77750000.00","totalCashFromFinancingActivities":"2449000.00","changeToOperatingActivities":"-69000.00","netIncome":"6374000.00","changeInCash":"-19131000.00","totalCashFromOperatingActivities":"35374000.00","depreciation":"29126000.00","otherCashflowsFromInvestingActivities":"33000.00","dividendsPaid":null,"changeToInventory":"-3933000.00","changeToAccountReceivables":"-172000.00","salePurchaseOfStock":null,"otherCashflowsFromFinancingActivities":"2438000.00","changeToNetincome":"-7747000.00","capitalExpenditures":"56054000.00"},"yearly_last_0":{"date":"2018-12-31","filing_date":null,"investments":"40388000.00","changeToLiabilities":"18753000.00","totalCashflowsFromInvestingActivities":"-115930000.00","netBorrowings":null,"totalCashFromFinancingActivities":"20516000.00","changeToOperatingActivities":"-5309000.00","netIncome":"6379000.00","changeInCash":"-40652000.00","totalCashFromOperatingActivities":"59769000.00","depreciation":"100479000.00","otherCashflowsFromInvestingActivities":"-5776000.00","dividendsPaid":null,"changeToInventory":"-40144000.00","changeToAccountReceivables":"-4234000.00","salePurchaseOfStock":null,"otherCashflowsFromFinancingActivities":"15196000.00","changeToNetincome":"-16155000.00","capitalExpenditures":"150542000.00"},"yearly_last_1":{"date":"2017-12-31","filing_date":"0000-00-00","investments":"68641000.00","changeToLiabilities":"-10117000.00","totalCashflowsFromInvestingActivities":"-15494000.00","netBorrowings":null,"totalCashFromFinancingActivities":"4601000.00","changeToOperatingActivities":"-7028000.00","netIncome":"69316000.00","changeInCash":"132737000.00","totalCashFromOperatingActivities":"144725000.00","depreciation":"102482000.00","otherCashflowsFromInvestingActivities":"-17172000.00","dividendsPaid":null,"changeToInventory":"-10973000.00","changeToAccountReceivables":"23232000.00","salePurchaseOfStock":"2281000.00","otherCashflowsFromFinancingActivities":"2320000.00","changeToNetincome":"-22187000.00","capitalExpenditures":"53991000.00"},"yearly_last_2":{"date":"2016-12-31","filing_date":"0000-00-00","investments":"4969000.00","changeToLiabilities":"5680000.00","totalCashflowsFromInvestingActivities":"-43264000.00","netBorrowings":"-17552000.00","totalCashFromFinancingActivities":"-11064000.00","changeToOperatingActivities":"1470000.00","netIncome":"64957000.00","changeInCash":"115265000.00","totalCashFromOperatingActivities":"170684000.00","depreciation":"76169000.00","otherCashflowsFromInvestingActivities":"-11540000.00","dividendsPaid":null,"changeToInventory":"16291000.00","changeToAccountReceivables":"-14255000.00","salePurchaseOfStock":"6700000.00","otherCashflowsFromFinancingActivities":"-212000.00","changeToNetincome":"20372000.00","capitalExpenditures":"53446000.00"},"yearly_last_3":{"date":"2015-12-31","filing_date":"0000-00-00","investments":"438000.00","changeToLiabilities":"6432000.00","totalCashflowsFromInvestingActivities":"-44342000.00","netBorrowings":"-167000.00","totalCashFromFinancingActivities":"244000.00","changeToOperatingActivities":"12307000.00","netIncome":"-124302000.00","changeInCash":"27219000.00","totalCashFromOperatingActivities":"74109000.00","depreciation":"79983000.00","otherCashflowsFromInvestingActivities":"-14821000.00","dividendsPaid":null,"changeToInventory":"-19706000.00","changeToAccountReceivables":"8973000.00","salePurchaseOfStock":"411000.00","otherCashflowsFromFinancingActivities":"-212000.00","changeToNetincome":"110422000.00","capitalExpenditures":"49959000.00"}},"Income_Statement":{"currency_symbol":"GBP","quarterly_last_0":{"date":"2019-06-30","filing_date":null,"researchDevelopment":null,"effectOfAccountingCharges":null,"incomeBeforeTax":"13103000.00","minorityInterest":"36590000.00","netIncome":"10631000.00","sellingGeneralAdministrative":"6214000.00","grossProfit":"29827000.00","ebit":"19591000.00","operatingIncome":"19591000.00","otherOperatingExpenses":null,"interestExpense":"-7194000.00","extraordinaryItems":null,"nonRecurring":null,"otherItems":null,"incomeTaxExpense":"689000.00","totalRevenue":"155149000.00","totalOperatingExpenses":"135558000.00","costOfRevenue":"125322000.00","totalOtherIncomeExpenseNet":"-6488000.00","discontinuedOperations":null,"netIncomeFromContinuingOps":"12414000.00","netIncomeApplicableToCommonShares":"10631000.00"},"quarterly_last_1":{"date":"2019-03-31","filing_date":null,"researchDevelopment":null,"effectOfAccountingCharges":null,"incomeBeforeTax":"8897000.00","minorityInterest":"34807000.00","netIncome":"6464000.00","sellingGeneralAdministrative":"6871000.00","grossProfit":"30237000.00","ebit":"19628000.00","operatingIncome":"19628000.00","otherOperatingExpenses":null,"interestExpense":"-8645000.00","extraordinaryItems":null,"nonRecurring":null,"otherItems":null,"incomeTaxExpense":"3165000.00","totalRevenue":"126250000.00","totalOperatingExpenses":"106622000.00","costOfRevenue":"96013000.00","totalOtherIncomeExpenseNet":"-10731000.00","discontinuedOperations":null,"netIncomeFromContinuingOps":"5732000.00","netIncomeApplicableToCommonShares":"6464000.00"},"quarterly_last_2":{"date":"2018-12-31","filing_date":null,"researchDevelopment":null,"effectOfAccountingCharges":null,"incomeBeforeTax":"-7559000.00","minorityInterest":"31829000.00","netIncome":"-3486000.00","sellingGeneralAdministrative":"12108000.00","grossProfit":"16536000.00","ebit":"-398000.00","operatingIncome":"-398000.00","otherOperatingExpenses":"3459000.00","interestExpense":"-2777000.00","extraordinaryItems":null,"nonRecurring":null,"otherItems":null,"incomeTaxExpense":"-5015000.00","totalRevenue":"103712000.00","totalOperatingExpenses":"104110000.00","costOfRevenue":"87176000.00","totalOtherIncomeExpenseNet":"-7161000.00","discontinuedOperations":null,"netIncomeFromContinuingOps":"-2544000.00","netIncomeApplicableToCommonShares":"-3486000.00"},"quarterly_last_3":{"date":"2018-09-30","filing_date":null,"researchDevelopment":null,"effectOfAccountingCharges":null,"incomeBeforeTax":"6632000.00","minorityInterest":"22087000.00","netIncome":"6374000.00","sellingGeneralAdministrative":"5985000.00","grossProfit":"21875000.00","ebit":"10220000.00","operatingIncome":"10220000.00","otherOperatingExpenses":"3459000.00","interestExpense":"-8157000.00","extraordinaryItems":null,"nonRecurring":null,"otherItems":null,"incomeTaxExpense":"4404000.00","totalRevenue":"115033000.00","totalOperatingExpenses":"104813000.00","costOfRevenue":"93158000.00","totalOtherIncomeExpenseNet":"-3588000.00","discontinuedOperations":null,"netIncomeFromContinuingOps":"2228000.00","netIncomeApplicableToCommonShares":"6374000.00"},"yearly_last_0":{"date":"2018-12-31","filing_date":null,"researchDevelopment":null,"effectOfAccountingCharges":null,"incomeBeforeTax":"8090000.00","minorityInterest":"31829000.00","netIncome":"6379000.00","sellingGeneralAdministrative":"32941000.00","grossProfit":"76845000.00","ebit":"26436000.00","operatingIncome":"26436000.00","otherOperatingExpenses":"3459000.00","interestExpense":"-28202000.00","extraordinaryItems":null,"nonRecurring":null,"otherItems":null,"incomeTaxExpense":"8121000.00","totalRevenue":"420675000.00","totalOperatingExpenses":"394239000.00","costOfRevenue":"343830000.00","totalOtherIncomeExpenseNet":"-18346000.00","discontinuedOperations":null,"netIncomeFromContinuingOps":"-31000.00","netIncomeApplicableToCommonShares":"6379000.00"},"yearly_last_1":{"date":"2017-12-31","filing_date":"0000-00-00","researchDevelopment":null,"effectOfAccountingCharges":null,"incomeBeforeTax":"74587000.00","minorityInterest":"23043000.00","netIncome":"69316000.00","sellingGeneralAdministrative":"20307000.00","grossProfit":"109069000.00","ebit":"97155000.00","operatingIncome":"97155000.00","otherOperatingExpenses":"-923000.00","interestExpense":"-28382000.00","extraordinaryItems":null,"nonRecurring":"-8376000.00","otherItems":null,"incomeTaxExpense":"3121000.00","totalRevenue":"448773000.00","totalOperatingExpenses":"351618000.00","costOfRevenue":"339704000.00","totalOtherIncomeExpenseNet":"-22568000.00","discontinuedOperations":null,"netIncomeFromContinuingOps":"71466000.00","netIncomeApplicableToCommonShares":"69316000.00"},"yearly_last_2":{"date":"2016-12-31","filing_date":"0000-00-00","researchDevelopment":null,"effectOfAccountingCharges":null,"incomeBeforeTax":"80985000.00","minorityInterest":"23043000.00","netIncome":"64957000.00","sellingGeneralAdministrative":"22091000.00","grossProfit":"161210000.00","ebit":"119430000.00","operatingIncome":"119430000.00","otherOperatingExpenses":"5136000.00","interestExpense":"-20101000.00","extraordinaryItems":null,"nonRecurring":"19310000.00","otherItems":null,"incomeTaxExpense":"16028000.00","totalRevenue":"490986000.00","totalOperatingExpenses":"371556000.00","costOfRevenue":"329776000.00","totalOtherIncomeExpenseNet":"-38445000.00","discontinuedOperations":null,"netIncomeFromContinuingOps":"64957000.00","netIncomeApplicableToCommonShares":"64957000.00"},"yearly_last_3":{"date":"2015-12-31","filing_date":"0000-00-00","researchDevelopment":null,"effectOfAccountingCharges":null,"incomeBeforeTax":"-113657000.00","minorityInterest":"23043000.00","netIncome":"-124302000.00","sellingGeneralAdministrative":"22341000.00","grossProfit":"33982000.00","ebit":"-21721000.00","operatingIncome":"-21721000.00","otherOperatingExpenses":"14221000.00","interestExpense":"-20029000.00","extraordinaryItems":null,"nonRecurring":"67562000.00","otherItems":null,"incomeTaxExpense":"10645000.00","totalRevenue":"375322000.00","totalOperatingExpenses":"397043000.00","costOfRevenue":"341340000.00","totalOtherIncomeExpenseNet":"-91936000.00","discontinuedOperations":null,"netIncomeFromContinuingOps":"-124302000.00","netIncomeApplicableToCommonShares":"-124302000.00"}}}},"1":{"General":{"Code":"WDP","Type":"Common Stock","Name":"The Walt Disney Company","Exchange":"F","CurrencyCode":"EUR","CurrencyName":"Euro","CurrencySymbol":"\u20ac","CountryName":"Germany","CountryISO":"DE","ISIN":null,"Sector":"Consumer Cyclical","Industry":"Media - Diversified","Description":"The Walt Disney Company, together with its subsidiaries, operates as an entertainment company worldwide. The company's Media Networks segment operates cable programming businesses under the ESPN, Disney, and Freeform brands; broadcast businesses, including ABC TV Network and eight owned television stations; and radio businesses. It also produces original live-action and animated television programming to first-run syndication and television markets; and subscription video-on-demand services and in home entertainment formats, as well as operates ESPN+, a direct-to-consumer streaming service providing multi-sports content. Its Parks and Resorts segment owns and operates the Walt Disney World Resort in Florida and the Disneyland Resort in California. This segment also operates Disney Resort & Spa in Hawaii, Disney Vacation Club, Disneyland Paris, Disney Cruise Line, and Adventures by Disney; and manages Hong Kong Disneyland Resort and Shanghai Disney Resort, as well as licenses its intellectual property to a third party for the operations of the Tokyo Disney Resort in Japan. The company's Studio Entertainment segment produces and acquires live-action and animated motion pictures for distribution in the theatrical, home entertainment, and television markets primarily under the Walt Disney Pictures, Pixar, Marvel, Lucasfilm, and Touchstone banners. This segment also produces stage plays and musical recordings; licenses and produces live entertainment events; and provides visual and audio effects, and other post-production services. Its Consumer Products & Interactive Media segment licenses its trade names, characters, and visual and literary properties; develops and publishes mobile games, books, magazines, and comic books; distributes branded merchandise directly through retail, online, and wholesale businesses; offers Website management and design; and develops and distributes online video content. The company was founded in 1923 and is based in Burbank, California.","FullTimeEmployees":201000,"UpdatedAt":"2019-09-24"},"Highlights":{"MarketCapitalization":214731243520,"MarketCapitalizationMln":"214731.2435","EBITDA":16542000128,"PERatio":"15.6045","PEGRatio":"2.3300","WallStreetTargetPrice":null,"BookValue":"50.7980","DividendShare":"1.5800","DividendYield":"0.0131","EarningsShare":"7.7670","EPSEstimateCurrentYear":null,"EPSEstimateNextYear":null,"EPSEstimateNextQuarter":null,"MostRecentQuarter":"2019-06-29","ProfitMargin":"0.1902","OperatingMarginTTM":"0.1989","ReturnOnAssetsTTM":"0.0522","ReturnOnEquityTTM":"0.1587","RevenueTTM":"64775999488.00","RevenuePerShareTTM":"41.0560","QuarterlyRevenueGrowthYOY":"0.3290","GrossProfitTTM":"26708000000.00","DilutedEpsTTM":"7.7670","QuarterlyEarningsGrowthYOY":"-0.5040"},"Valuation":{"TrailingPE":"15.6045","ForwardPE":"17.4138","PriceSalesTTM":null,"PriceBookMRQ":"2.3859","EnterpriseValueRevenue":"4.3740","EnterpriseValueEbitda":"17.1290"},"Technicals":{"Beta":"0.5058","52WeekHigh":"132.3200","52WeekLow":"90.3000","50DayMA":"123.0659","200DayMA":"118.8985","SharesShort":null,"SharesShortPriorMonth":null,"ShortRatio":null,"ShortPercent":null},"SplitsDividends":{"ForwardAnnualDividendRate":"1.5800","ForwardAnnualDividendYield":"0.0131","PayoutRatio":"0.2337","DividendDate":"0000-00-00","ExDividendDate":"2019-07-05","LastSplitFactor":"","LastSplitDate":"0000-00-00"},"Earnings":{"Last_0":{"date":"2018-06-30","epsActual":4.26,"epsEstimate":null,"epsDifference":null,"surprisePercent":null},"Last_1":{"date":"2017-12-31","epsActual":1.89,"epsEstimate":1.6,"epsDifference":0.29,"surprisePercent":18.1},"Last_2":{"date":"2017-09-30","epsActual":1.07,"epsEstimate":1.13,"epsDifference":-0.06,"surprisePercent":-5.3},"Last_3":{"date":"2017-06-30","epsActual":1.58,"epsEstimate":1.55,"epsDifference":0.03,"surprisePercent":1.9}},"Financials":{"Balance_Sheet":{"currency_symbol":"USD","quarterly_last_0":{"date":"2019-06-29","filing_date":null,"intangibleAssets":"25114000000.00","totalLiab":"104222000000.00","totalStockholderEquity":"90472000000.00","deferredLongTermLiab":null,"otherCurrentLiab":"5023000000.00","totalAssets":"209475000000.00","commonStock":"53718000000.00","otherCurrentAssets":"2927000000.00","retainedEarnings":"41382000000.00","otherLiab":"23318000000.00","goodWill":"77801000000.00","otherAssets":"39926000000.00","cash":"6728000000.00","totalCurrentLiabilities":"44593000000.00","shortLongTermDebt":"21923000000.00","otherStockholderEquity":"-3721000000.00","propertyPlantEquipment":"31392000000.00","totalCurrentAssets":"31370000000.00","longTermInvestments":"3872000000.00","netTangibleAssets":"-12443000000.00","shortTermInvestments":null,"netReceivables":"15673000000.00","longTermDebt":"36311000000.00","inventory":"6042000000.00","accountsPayable":"17647000000.00"},"quarterly_last_1":{"date":"2019-03-30","filing_date":null,"intangibleAssets":"26985000000.00","totalLiab":"108900000000.00","totalStockholderEquity":"89938000000.00","deferredLongTermLiab":null,"otherCurrentLiab":"4715000000.00","totalAssets":"214342000000.00","commonStock":"53419000000.00","otherCurrentAssets":"2723000000.00","retainedEarnings":"41212000000.00","otherLiab":"26721000000.00","goodWill":"75057000000.00","otherAssets":"42926000000.00","cash":"10108000000.00","totalCurrentLiabilities":"44376000000.00","shortLongTermDebt":"17762000000.00","otherStockholderEquity":"-3786000000.00","propertyPlantEquipment":"31017000000.00","totalCurrentAssets":"34277000000.00","longTermInvestments":"4080000000.00","netTangibleAssets":"-12104000000.00","shortTermInvestments":null,"netReceivables":"14593000000.00","longTermDebt":"37803000000.00","inventory":"6853000000.00","accountsPayable":"20503000000.00"},"quarterly_last_2":{"date":"2018-12-29","filing_date":null,"intangibleAssets":"6747000000.00","totalLiab":"44424000000.00","totalStockholderEquity":"50316000000.00","deferredLongTermLiab":null,"otherCurrentLiab":"3434000000.00","totalAssets":"99941000000.00","commonStock":"36799000000.00","otherCurrentAssets":"778000000.00","retainedEarnings":"84887000000.00","otherLiab":"9629000000.00","goodWill":"31289000000.00","otherAssets":"11601000000.00","cash":"4455000000.00","totalCurrentLiabilities":"17619000000.00","shortLongTermDebt":"2790000000.00","otherStockholderEquity":"-3782000000.00","propertyPlantEquipment":"29797000000.00","totalCurrentAssets":"17537000000.00","longTermInvestments":"2970000000.00","netTangibleAssets":"12280000000.00","shortTermInvestments":null,"netReceivables":"10123000000.00","longTermDebt":"17176000000.00","inventory":"2181000000.00","accountsPayable":"10696000000.00"},"quarterly_last_3":{"date":"2018-09-29","filing_date":null,"intangibleAssets":"6812000000.00","totalLiab":"44643000000.00","totalStockholderEquity":"48773000000.00","deferredLongTermLiab":null,"otherCurrentLiab":"5378000000.00","totalAssets":"98598000000.00","commonStock":"36779000000.00","otherCurrentAssets":"159000000.00","retainedEarnings":"82679000000.00","otherLiab":"9699000000.00","goodWill":"31269000000.00","otherAssets":"11253000000.00","cash":"4150000000.00","totalCurrentLiabilities":"17860000000.00","shortLongTermDebt":"2785000000.00","otherStockholderEquity":"-3097000000.00","propertyPlantEquipment":"29540000000.00","totalCurrentAssets":"16825000000.00","longTermInvestments":"2899000000.00","netTangibleAssets":"10692000000.00","shortTermInvestments":null,"netReceivables":"9334000000.00","longTermDebt":"17084000000.00","inventory":"2706000000.00","accountsPayable":"6503000000.00"},"yearly_last_0":{"date":"2018-09-29","filing_date":null,"intangibleAssets":"6812000000.00","totalLiab":"44643000000.00","totalStockholderEquity":"48773000000.00","deferredLongTermLiab":null,"otherCurrentLiab":"5378000000.00","totalAssets":"98598000000.00","commonStock":"36779000000.00","otherCurrentAssets":"159000000.00","retainedEarnings":"82679000000.00","otherLiab":"9699000000.00","goodWill":"31269000000.00","otherAssets":"11253000000.00","cash":"4150000000.00","totalCurrentLiabilities":"17860000000.00","shortLongTermDebt":"2785000000.00","otherStockholderEquity":"-3097000000.00","propertyPlantEquipment":"29540000000.00","totalCurrentAssets":"16825000000.00","longTermInvestments":"2899000000.00","netTangibleAssets":"10692000000.00","shortTermInvestments":null,"netReceivables":"9334000000.00","longTermDebt":"17084000000.00","inventory":"2706000000.00","accountsPayable":"6503000000.00"},"yearly_last_1":{"date":"2017-09-30","filing_date":null,"intangibleAssets":"6995000000.00","totalLiab":"49637000000.00","totalStockholderEquity":"41315000000.00","deferredLongTermLiab":"4480000000.00","otherCurrentLiab":"5299000000.00","totalAssets":"95789000000.00","commonStock":"36248000000.00","otherCurrentAssets":"143000000.00","retainedEarnings":"72606000000.00","otherLiab":"10923000000.00","goodWill":"31426000000.00","otherAssets":"9871000000.00","cash":"4017000000.00","totalCurrentLiabilities":"19595000000.00","shortLongTermDebt":"3400000000.00","otherStockholderEquity":"-3528000000.00","propertyPlantEquipment":"28406000000.00","totalCurrentAssets":"15889000000.00","longTermInvestments":"3202000000.00","netTangibleAssets":"2894000000.00","shortTermInvestments":null,"netReceivables":"8633000000.00","longTermDebt":"19119000000.00","inventory":"2651000000.00","accountsPayable":"6305000000.00"},"yearly_last_2":{"date":"2016-10-01","filing_date":null,"intangibleAssets":"6949000000.00","totalLiab":"44710000000.00","totalStockholderEquity":"43265000000.00","deferredLongTermLiab":"3679000000.00","otherCurrentLiab":"4548000000.00","totalAssets":"92033000000.00","commonStock":"35859000000.00","otherCurrentAssets":"244000000.00","retainedEarnings":"66088000000.00","otherLiab":"11385000000.00","goodWill":"27810000000.00","otherAssets":"8701000000.00","cash":"4610000000.00","totalCurrentLiabilities":"16842000000.00","shortLongTermDebt":"2166000000.00","otherStockholderEquity":"-3979000000.00","propertyPlantEquipment":"27349000000.00","totalCurrentAssets":"16966000000.00","longTermInvestments":"4258000000.00","netTangibleAssets":"8506000000.00","shortTermInvestments":null,"netReceivables":"9065000000.00","longTermDebt":"16483000000.00","inventory":"2598000000.00","accountsPayable":"6860000000.00"},"yearly_last_3":{"date":"2015-10-03","filing_date":null,"intangibleAssets":"7172000000.00","totalLiab":"39527000000.00","totalStockholderEquity":"44525000000.00","deferredLongTermLiab":"4051000000.00","otherCurrentLiab":"4470000000.00","totalAssets":"88182000000.00","commonStock":"35122000000.00","otherCurrentAssets":"1260000000.00","retainedEarnings":"59028000000.00","otherLiab":"10420000000.00","goodWill":"27826000000.00","otherAssets":"8647000000.00","cash":"4269000000.00","totalCurrentLiabilities":"16334000000.00","shortLongTermDebt":"2133000000.00","otherStockholderEquity":"-2421000000.00","propertyPlantEquipment":"25179000000.00","totalCurrentAssets":"16758000000.00","longTermInvestments":"2600000000.00","netTangibleAssets":"9527000000.00","shortTermInvestments":null,"netReceivables":"8019000000.00","longTermDebt":"12773000000.00","inventory":"2741000000.00","accountsPayable":"5504000000.00"}},"Cash_Flow":{"currency_symbol":"USD","quarterly_last_0":{"date":"2019-06-29","filing_date":null,"investments":null,"changeToLiabilities":"502000000.00","totalCashflowsFromInvestingActivities":"-1102000000.00","netBorrowings":"1159000000.00","totalCashFromFinancingActivities":"-342000000.00","changeToOperatingActivities":"404000000.00","netIncome":"1760000000.00","changeInCash":"-2865000000.00","totalCashFromOperatingActivities":"-1393000000.00","depreciation":"1304000000.00","otherCashflowsFromInvestingActivities":"75000000.00","dividendsPaid":null,"changeToInventory":"-77000000.00","changeToAccountReceivables":"-1042000000.00","salePurchaseOfStock":null,"otherCashflowsFromFinancingActivities":"-1696000000.00","changeToNetincome":"1530000000.00","capitalExpenditures":"1177000000.00"},"quarterly_last_1":{"date":"2019-03-30","filing_date":null,"investments":null,"changeToLiabilities":"0.00","totalCashflowsFromInvestingActivities":"-1102000000.00","netBorrowings":"1159000000.00","totalCashFromFinancingActivities":"-342000000.00","changeToOperatingActivities":"404000000.00","netIncome":"5452000000.00","changeInCash":"-2865000000.00","totalCashFromOperatingActivities":"-1393000000.00","depreciation":"1304000000.00","otherCashflowsFromInvestingActivities":"75000000.00","dividendsPaid":null,"changeToInventory":"-77000000.00","changeToAccountReceivables":"-1042000000.00","salePurchaseOfStock":null,"otherCashflowsFromFinancingActivities":"-1696000000.00","changeToNetincome":"1530000000.00","capitalExpenditures":"1177000000.00"},"quarterly_last_2":{"date":"2018-12-29","filing_date":null,"investments":null,"changeToLiabilities":"-1289000000.00","totalCashflowsFromInvestingActivities":"-1336000000.00","netBorrowings":"-302000000.00","totalCashFromFinancingActivities":"-411000000.00","changeToOperatingActivities":"25000000.00","netIncome":"2788000000.00","changeInCash":"308000000.00","totalCashFromOperatingActivities":"2099000000.00","depreciation":"732000000.00","otherCashflowsFromInvestingActivities":"-141000000.00","dividendsPaid":null,"changeToInventory":"32000000.00","changeToAccountReceivables":"-1078000000.00","salePurchaseOfStock":null,"otherCashflowsFromFinancingActivities":"-146000000.00","changeToNetincome":"759000000.00","capitalExpenditures":"1195000000.00"},"quarterly_last_3":{"date":"2018-09-29","filing_date":null,"investments":null,"changeToLiabilities":"551000000.00","totalCashflowsFromInvestingActivities":"-193000000.00","netBorrowings":"-2736000000.00","totalCashFromFinancingActivities":"-3862000000.00","changeToOperatingActivities":"-455000000.00","netIncome":"2322000000.00","changeInCash":"-176000000.00","totalCashFromOperatingActivities":"3853000000.00","depreciation":"794000000.00","otherCashflowsFromInvestingActivities":"1008000000.00","dividendsPaid":"-1249000000.00","changeToInventory":"-70000000.00","changeToAccountReceivables":"458000000.00","salePurchaseOfStock":null,"otherCashflowsFromFinancingActivities":"42000000.00","changeToNetincome":"95000000.00","capitalExpenditures":"1201000000.00"},"yearly_last_0":{"date":"2018-09-29","filing_date":null,"investments":null,"changeToLiabilities":"235000000.00","totalCashflowsFromInvestingActivities":"-5336000000.00","netBorrowings":"-2583000000.00","totalCashFromFinancingActivities":"-8843000000.00","changeToOperatingActivities":"-927000000.00","netIncome":"12598000000.00","changeInCash":"91000000.00","totalCashFromOperatingActivities":"14295000000.00","depreciation":"3011000000.00","otherCashflowsFromInvestingActivities":"710000000.00","dividendsPaid":"-2515000000.00","changeToInventory":"-17000000.00","changeToAccountReceivables":"-720000000.00","salePurchaseOfStock":null,"otherCashflowsFromFinancingActivities":"-378000000.00","changeToNetincome":"-477000000.00","capitalExpenditures":"4465000000.00"},"yearly_last_1":{"date":"2017-09-30","filing_date":"0000-00-00","investments":null,"changeToLiabilities":"-368000000.00","totalCashflowsFromInvestingActivities":"-4111000000.00","netBorrowings":"3703000000.00","totalCashFromFinancingActivities":"-8959000000.00","changeToOperatingActivities":"-52000000.00","netIncome":"8980000000.00","changeInCash":"-696000000.00","totalCashFromOperatingActivities":"12343000000.00","depreciation":"2782000000.00","otherCashflowsFromInvestingActivities":"-71000000.00","dividendsPaid":"-2445000000.00","changeToInventory":"-5000000.00","changeToAccountReceivables":"107000000.00","salePurchaseOfStock":"276000000.00","otherCashflowsFromFinancingActivities":"-1125000000.00","changeToNetincome":"691000000.00","capitalExpenditures":"3623000000.00"},"yearly_last_2":{"date":"2016-10-01","filing_date":"0000-00-00","investments":"-850000000.00","changeToLiabilities":"40000000.00","totalCashflowsFromInvestingActivities":"-5758000000.00","netBorrowings":"2940000000.00","totalCashFromFinancingActivities":"-7220000000.00","changeToOperatingActivities":"-443000000.00","netIncome":"9391000000.00","changeInCash":"35000000.00","totalCashFromOperatingActivities":"13136000000.00","depreciation":"2527000000.00","otherCashflowsFromInvestingActivities":"-135000000.00","dividendsPaid":"-2313000000.00","changeToInventory":"186000000.00","changeToAccountReceivables":"-393000000.00","salePurchaseOfStock":"259000000.00","otherCashflowsFromFinancingActivities":"-607000000.00","changeToNetincome":"2426000000.00","capitalExpenditures":"4773000000.00"},"yearly_last_3":{"date":"2015-10-03","filing_date":"0000-00-00","investments":"-850000000.00","changeToLiabilities":"-49000000.00","totalCashflowsFromInvestingActivities":"-4245000000.00","netBorrowings":"2705000000.00","totalCashFromFinancingActivities":"-5801000000.00","changeToOperatingActivities":"223000000.00","netIncome":"8382000000.00","changeInCash":"1037000000.00","totalCashFromOperatingActivities":"11385000000.00","depreciation":"2354000000.00","otherCashflowsFromInvestingActivities":"20000000.00","dividendsPaid":"-3063000000.00","changeToInventory":"1000000.00","changeToAccountReceivables":"-211000000.00","salePurchaseOfStock":"329000000.00","otherCashflowsFromFinancingActivities":"323000000.00","changeToNetincome":"331000000.00","capitalExpenditures":"4265000000.00"}},"Income_Statement":{"currency_symbol":"USD","quarterly_last_0":{"date":"2019-06-29","filing_date":null,"researchDevelopment":null,"effectOfAccountingCharges":null,"incomeBeforeTax":"2018000000.00","minorityInterest":"14781000000.00","netIncome":"1760000000.00","sellingGeneralAdministrative":"3335000000.00","grossProfit":"7426000000.00","ebit":"2787000000.00","operatingIncome":"2787000000.00","otherOperatingExpenses":null,"interestExpense":"-472000000.00","extraordinaryItems":null,"nonRecurring":null,"otherItems":null,"incomeTaxExpense":"395000000.00","totalRevenue":"20245000000.00","totalOperatingExpenses":"17458000000.00","costOfRevenue":"12819000000.00","totalOtherIncomeExpenseNet":"-769000000.00","discontinuedOperations":"323000000.00","netIncomeFromContinuingOps":"1623000000.00","netIncomeApplicableToCommonShares":"1760000000.00"},"quarterly_last_1":{"date":"2019-03-30","filing_date":null,"researchDevelopment":null,"effectOfAccountingCharges":null,"incomeBeforeTax":"7237000000.00","minorityInterest":"15504000000.00","netIncome":"5452000000.00","sellingGeneralAdministrative":"2302000000.00","grossProfit":"6546000000.00","ebit":"3416000000.00","operatingIncome":"3416000000.00","otherOperatingExpenses":null,"interestExpense":"-198000000.00","extraordinaryItems":null,"nonRecurring":null,"otherItems":null,"incomeTaxExpense":"1647000000.00","totalRevenue":"14922000000.00","totalOperatingExpenses":"11506000000.00","costOfRevenue":"8376000000.00","totalOtherIncomeExpenseNet":"3821000000.00","discontinuedOperations":"21000000.00","netIncomeFromContinuingOps":"5590000000.00","netIncomeApplicableToCommonShares":"5452000000.00"},"quarterly_last_2":{"date":"2018-12-29","filing_date":null,"researchDevelopment":null,"effectOfAccountingCharges":null,"incomeBeforeTax":"3431000000.00","minorityInterest":"5201000000.00","netIncome":"2788000000.00","sellingGeneralAdministrative":"2152000000.00","grossProfit":"6302000000.00","ebit":"3418000000.00","operatingIncome":"3418000000.00","otherOperatingExpenses":null,"interestExpense":"-163000000.00","extraordinaryItems":null,"nonRecurring":null,"otherItems":null,"incomeTaxExpense":"645000000.00","totalRevenue":"15303000000.00","totalOperatingExpenses":"11885000000.00","costOfRevenue":"9001000000.00","totalOtherIncomeExpenseNet":"13000000.00","discontinuedOperations":"21000000.00","netIncomeFromContinuingOps":"2786000000.00","netIncomeApplicableToCommonShares":"2788000000.00"},"quarterly_last_3":{"date":"2018-09-29","filing_date":null,"researchDevelopment":null,"effectOfAccountingCharges":null,"incomeBeforeTax":"3202000000.00","minorityInterest":"5182000000.00","netIncome":"2322000000.00","sellingGeneralAdministrative":"2322000000.00","grossProfit":"6199000000.00","ebit":"3083000000.00","operatingIncome":"3083000000.00","otherOperatingExpenses":null,"interestExpense":"-189000000.00","extraordinaryItems":null,"nonRecurring":null,"otherItems":null,"incomeTaxExpense":"783000000.00","totalRevenue":"14307000000.00","totalOperatingExpenses":"11224000000.00","costOfRevenue":"8108000000.00","totalOtherIncomeExpenseNet":"119000000.00","discontinuedOperations":"21000000.00","netIncomeFromContinuingOps":"2419000000.00","netIncomeApplicableToCommonShares":"2322000000.00"},"yearly_last_0":{"date":"2018-09-29","filing_date":null,"researchDevelopment":null,"effectOfAccountingCharges":null,"incomeBeforeTax":"14729000000.00","minorityInterest":"5182000000.00","netIncome":"12598000000.00","sellingGeneralAdministrative":"8860000000.00","grossProfit":"26708000000.00","ebit":"14837000000.00","operatingIncome":"14837000000.00","otherOperatingExpenses":null,"interestExpense":"-682000000.00","extraordinaryItems":null,"nonRecurring":null,"otherItems":null,"incomeTaxExpense":"1663000000.00","totalRevenue":"59434000000.00","totalOperatingExpenses":"44597000000.00","costOfRevenue":"32726000000.00","totalOtherIncomeExpenseNet":"-108000000.00","discontinuedOperations":null,"netIncomeFromContinuingOps":"13066000000.00","netIncomeApplicableToCommonShares":"12598000000.00"},"yearly_last_1":{"date":"2017-09-30","filing_date":"0000-00-00","researchDevelopment":null,"effectOfAccountingCharges":null,"incomeBeforeTax":"13788000000.00","minorityInterest":"4837000000.00","netIncome":"8980000000.00","sellingGeneralAdministrative":"8176000000.00","grossProfit":"24946000000.00","ebit":"13988000000.00","operatingIncome":"13988000000.00","otherOperatingExpenses":"2782000000.00","interestExpense":"-507000000.00","extraordinaryItems":null,"nonRecurring":"98000000.00","otherItems":null,"incomeTaxExpense":"4422000000.00","totalRevenue":"55137000000.00","totalOperatingExpenses":"41149000000.00","costOfRevenue":"30191000000.00","totalOtherIncomeExpenseNet":"-200000000.00","discontinuedOperations":null,"netIncomeFromContinuingOps":"9366000000.00","netIncomeApplicableToCommonShares":"8980000000.00"},"yearly_last_2":{"date":"2016-10-01","filing_date":"0000-00-00","researchDevelopment":null,"effectOfAccountingCharges":null,"incomeBeforeTax":"14868000000.00","minorityInterest":"4058000000.00","netIncome":"9391000000.00","sellingGeneralAdministrative":"8754000000.00","grossProfit":"25768000000.00","ebit":"14487000000.00","operatingIncome":"14487000000.00","otherOperatingExpenses":"2527000000.00","interestExpense":"-354000000.00","extraordinaryItems":null,"nonRecurring":"156000000.00","otherItems":null,"incomeTaxExpense":"5078000000.00","totalRevenue":"55632000000.00","totalOperatingExpenses":"41145000000.00","costOfRevenue":"29864000000.00","totalOtherIncomeExpenseNet":"381000000.00","discontinuedOperations":null,"netIncomeFromContinuingOps":"9790000000.00","netIncomeApplicableToCommonShares":"9391000000.00"},"yearly_last_3":{"date":"2015-10-03","filing_date":"0000-00-00","researchDevelopment":null,"effectOfAccountingCharges":null,"incomeBeforeTax":"13868000000.00","minorityInterest":"4130000000.00","netIncome":"8382000000.00","sellingGeneralAdministrative":"8523000000.00","grossProfit":"24101000000.00","ebit":"13224000000.00","operatingIncome":"13224000000.00","otherOperatingExpenses":"2354000000.00","interestExpense":"-265000000.00","extraordinaryItems":null,"nonRecurring":"53000000.00","otherItems":null,"incomeTaxExpense":"5016000000.00","totalRevenue":"52465000000.00","totalOperatingExpenses":"39241000000.00","costOfRevenue":"28364000000.00","totalOtherIncomeExpenseNet":"644000000.00","discontinuedOperations":null,"netIncomeFromContinuingOps":"8852000000.00","netIncomeApplicableToCommonShares":"8382000000.00"}}}},"2":{"General":{"Code":"TIS","Type":"Common Stock","Name":"tiscon AG","Exchange":"F","CurrencyCode":"EUR","CurrencyName":"Euro","CurrencySymbol":"\u20ac","CountryName":"Germany","CountryISO":"DE","ISIN":null,"Sector":"Technology","Industry":"Information Technology Services","Description":"tiscon AG Infosystems provides information technology related solutions and services in Germany. The activities of the group are categorized into Solutions and Services segments. Solutions segment offers standard software products for selling goods and services through traditional media, such as paper catalogs, as well as over the Internet; and for electronic purchasing. Services segment offers technology-centered services, such as product data management, technical applications, training seminars, and infrastructure services. The product portfolio of the group includes catalog systems, e-procurement systems, and e-business applications. The company was founded in 1989 and is based in Linden, Germany. As of October 26, 2005, tiscon AG Infosystems operates as a subsidiary of Arques Industries AG.","FullTimeEmployees":0,"UpdatedAt":"2019-09-24"},"Highlights":{"MarketCapitalization":487501,"MarketCapitalizationMln":"0.4875","EBITDA":-4385139,"PERatio":null,"PEGRatio":"0.0000","WallStreetTargetPrice":null,"BookValue":"0.1150","DividendShare":null,"DividendYield":"0.0000","EarningsShare":"-0.2030","EPSEstimateCurrentYear":null,"EPSEstimateNextYear":null,"EPSEstimateNextQuarter":null,"MostRecentQuarter":"2008-12-31","ProfitMargin":"-0.0047","OperatingMarginTTM":"-0.0182","ReturnOnAssetsTTM":"-0.0697","ReturnOnEquityTTM":"-0.9242","RevenueTTM":"326106240.00","RevenuePerShareTTM":"43.4810","QuarterlyRevenueGrowthYOY":"-0.0640","GrossProfitTTM":"6597200.00","DilutedEpsTTM":"-0.2030","QuarterlyEarningsGrowthYOY":null},"Valuation":{"TrailingPE":null,"ForwardPE":null,"PriceSalesTTM":null,"PriceBookMRQ":"0.3130","EnterpriseValueRevenue":"0.0090","EnterpriseValueEbitda":"-0.6750"},"Technicals":{"Beta":"0.1065","52WeekHigh":"0.0990","52WeekLow":"0.0300","50DayMA":"0.0360","200DayMA":"0.0408","SharesShort":null,"SharesShortPriorMonth":null,"ShortRatio":null,"ShortPercent":null},"SplitsDividends":{"ForwardAnnualDividendRate":null,"ForwardAnnualDividendYield":"0.0000","PayoutRatio":"0.0000","DividendDate":"0000-00-00","ExDividendDate":"0000-00-00","LastSplitFactor":"","LastSplitDate":"0000-00-00"},"Earnings":{"Last_0":{"date":"2018-03-31","epsActual":-0.22,"epsEstimate":null,"epsDifference":null,"surprisePercent":null},"Last_1":{"date":"0000-00-00","epsActual":0,"epsEstimate":0,"epsDifference":0,"surprisePercent":0},"Last_2":{"date":"0000-00-00","epsActual":0,"epsEstimate":0,"epsDifference":0,"surprisePercent":0},"Last_3":{"date":"0000-00-00","epsActual":0,"epsEstimate":0,"epsDifference":0,"surprisePercent":0}},"Financials":{"Balance_Sheet":{"currency_symbol":"EUR","quarterly_last_0":{"date":"2008-12-31","filing_date":null,"intangibleAssets":"1971310.00","totalLiab":"48697446.00","totalStockholderEquity":"865805.00","deferredLongTermLiab":null,"otherCurrentLiab":"1452009.00","totalAssets":"49619707.00","commonStock":"7500000.00","otherCurrentAssets":"879762.00","retainedEarnings":"-28509195.00","otherLiab":"1148333.00","goodWill":null,"otherAssets":"825874.00","cash":"8598966.00","totalCurrentLiabilities":"46445422.00","shortLongTermDebt":"11641416.00","otherStockholderEquity":null,"propertyPlantEquipment":"2764876.00","totalCurrentAssets":"44000864.00","longTermInvestments":"56783.00","netTangibleAssets":"-1105505.00","shortTermInvestments":"409129.00","netReceivables":"18414679.00","longTermDebt":"1000000.00","inventory":"14235328.00","accountsPayable":"32189688.00"},"quarterly_last_1":{"date":"2008-09-30","filing_date":null,"intangibleAssets":"1971310.00","totalLiab":"48697446.00","totalStockholderEquity":"865805.00","deferredLongTermLiab":null,"otherCurrentLiab":"1452009.00","totalAssets":"49619707.00","commonStock":"7500000.00","otherCurrentAssets":"879762.00","retainedEarnings":"-28509195.00","otherLiab":"1148333.00","goodWill":null,"otherAssets":"825874.00","cash":"8598966.00","totalCurrentLiabilities":"46445422.00","shortLongTermDebt":"11641416.00","otherStockholderEquity":null,"propertyPlantEquipment":"2764876.00","totalCurrentAssets":"44000864.00","longTermInvestments":"56783.00","netTangibleAssets":"-1105505.00","shortTermInvestments":"409129.00","netReceivables":"18414679.00","longTermDebt":"1000000.00","inventory":"14235328.00","accountsPayable":"32189688.00"},"quarterly_last_2":{"date":"2008-06-30","filing_date":null,"intangibleAssets":"2496000.00","totalLiab":"54231000.00","totalStockholderEquity":"-192000.00","deferredLongTermLiab":null,"otherCurrentLiab":"7392000.00","totalAssets":"54129000.00","commonStock":"7500000.00","otherCurrentAssets":"6226000.00","retainedEarnings":"-29567000.00","otherLiab":"996000.00","goodWill":null,"otherAssets":"609000.00","cash":"7305000.00","totalCurrentLiabilities":"51235000.00","shortLongTermDebt":"15203000.00","otherStockholderEquity":null,"propertyPlantEquipment":"3063000.00","totalCurrentAssets":"47904000.00","longTermInvestments":"57000.00","netTangibleAssets":"-2688000.00","shortTermInvestments":"371000.00","netReceivables":"16871000.00","longTermDebt":"2000000.00","inventory":"16078000.00","accountsPayable":"30640000.00"},"quarterly_last_3":{"date":"2008-03-31","filing_date":null,"intangibleAssets":"2496000.00","totalLiab":"54231000.00","totalStockholderEquity":"-192000.00","deferredLongTermLiab":null,"otherCurrentLiab":"7392000.00","totalAssets":"54129000.00","commonStock":"7500000.00","otherCurrentAssets":"6226000.00","retainedEarnings":"-29567000.00","otherLiab":"996000.00","goodWill":null,"otherAssets":"609000.00","cash":"7305000.00","totalCurrentLiabilities":"51235000.00","shortLongTermDebt":"15203000.00","otherStockholderEquity":null,"propertyPlantEquipment":"3063000.00","totalCurrentAssets":"47904000.00","longTermInvestments":"57000.00","netTangibleAssets":"-2688000.00","shortTermInvestments":"371000.00","netReceivables":"16871000.00","longTermDebt":"2000000.00","inventory":"16078000.00","accountsPayable":"30640000.00"},"yearly_last_0":{"date":"2008-12-31","filing_date":null,"intangibleAssets":"1971310.00","totalLiab":"48697446.00","totalStockholderEquity":"865805.00","deferredLongTermLiab":null,"otherCurrentLiab":"1452009.00","totalAssets":"49619707.00","commonStock":"7500000.00","otherCurrentAssets":"879762.00","retainedEarnings":"-28509195.00","otherLiab":"1148333.00","goodWill":null,"otherAssets":"825874.00","cash":"8598966.00","totalCurrentLiabilities":"46445422.00","shortLongTermDebt":"11641416.00","otherStockholderEquity":null,"propertyPlantEquipment":"2764876.00","totalCurrentAssets":"44000864.00","longTermInvestments":"56783.00","netTangibleAssets":"-1105505.00","shortTermInvestments":"409129.00","netReceivables":"18414679.00","longTermDebt":"1000000.00","inventory":"14235328.00","accountsPayable":"32189688.00"},"yearly_last_1":{"date":"2007-12-31","filing_date":null,"intangibleAssets":"2714840.00","totalLiab":"54311551.00","totalStockholderEquity":"2388531.00","deferredLongTermLiab":null,"otherCurrentLiab":"3030930.00","totalAssets":"56818540.00","commonStock":"7500000.00","otherCurrentAssets":"2435924.00","retainedEarnings":"-26986469.00","otherLiab":"1668279.00","goodWill":"161000.00","otherAssets":"1027760.00","cash":"6837756.00","totalCurrentLiabilities":"49785559.00","shortLongTermDebt":"14666786.00","otherStockholderEquity":null,"propertyPlantEquipment":"3384879.00","totalCurrentAssets":"49473278.00","longTermInvestments":"56783.00","netTangibleAssets":"-487309.00","shortTermInvestments":"371129.00","netReceivables":"21602443.00","longTermDebt":"2000000.00","inventory":"17407026.00","accountsPayable":"33131556.00"},"yearly_last_2":{"date":"2006-12-31","filing_date":null,"intangibleAssets":"1978925.00","totalLiab":"56622204.00","totalStockholderEquity":"5988933.00","deferredLongTermLiab":null,"otherCurrentLiab":"6642439.00","totalAssets":"62611137.00","commonStock":"7500000.00","otherCurrentAssets":"2095804.00","retainedEarnings":"-23386067.00","otherLiab":"7648758.00","goodWill":null,"otherAssets":"4472310.00","cash":"2988008.00","totalCurrentLiabilities":"38673684.00","shortLongTermDebt":"16232278.00","otherStockholderEquity":null,"propertyPlantEquipment":"14109352.00","totalCurrentAssets":"41918767.00","longTermInvestments":"131783.00","netTangibleAssets":"4010008.00","shortTermInvestments":"1615149.00","netReceivables":"21376602.00","longTermDebt":null,"inventory":"13843204.00","accountsPayable":"24349874.00"},"yearly_last_3":{"date":"2005-12-31","filing_date":null,"intangibleAssets":"32716.00","totalLiab":"2830191.00","totalStockholderEquity":"4997320.00","deferredLongTermLiab":null,"otherCurrentLiab":"1692633.00","totalAssets":"7827511.00","commonStock":"7500000.00","otherCurrentAssets":"31836.00","retainedEarnings":"-24377680.00","otherLiab":"798103.00","goodWill":null,"otherAssets":"2919.00","cash":"1470690.00","totalCurrentLiabilities":"2032088.00","shortLongTermDebt":null,"otherStockholderEquity":null,"propertyPlantEquipment":"192006.00","totalCurrentAssets":"2619341.00","longTermInvestments":"4980529.00","netTangibleAssets":"4964604.00","shortTermInvestments":null,"netReceivables":"1046815.00","longTermDebt":null,"inventory":"70000.00","accountsPayable":"217732.00"}},"Cash_Flow":{"currency_symbol":"EUR","quarterly_last_0":{"date":"2008-12-31","filing_date":"0000-00-00","investments":null,"changeToLiabilities":"-608500.00","totalCashflowsFromInvestingActivities":"-126000.00","netBorrowings":"1218000.00","totalCashFromFinancingActivities":"418500.00","changeToOperatingActivities":"-435500.00","netIncome":"528637.00","changeInCash":"647000.00","totalCashFromOperatingActivities":"354000.00","depreciation":"386000.00","otherCashflowsFromInvestingActivities":"58500.00","dividendsPaid":null,"changeToInventory":"1586000.00","changeToAccountReceivables":"1720000.00","salePurchaseOfStock":null,"otherCashflowsFromFinancingActivities":"-799500.00","changeToNetincome":"-2822637.00","capitalExpenditures":"184500.00"},"quarterly_last_1":{"date":"2008-09-30","filing_date":"0000-00-00","investments":null,"changeToLiabilities":"-608500.00","totalCashflowsFromInvestingActivities":"-126000.00","netBorrowings":"1218000.00","totalCashFromFinancingActivities":"418500.00","changeToOperatingActivities":"-435500.00","netIncome":"528637.00","changeInCash":"647000.00","totalCashFromOperatingActivities":"354000.00","depreciation":"386000.00","otherCashflowsFromInvestingActivities":"58500.00","dividendsPaid":null,"changeToInventory":"1586000.00","changeToAccountReceivables":"1720000.00","salePurchaseOfStock":null,"otherCashflowsFromFinancingActivities":"-799500.00","changeToNetincome":"-2822637.00","capitalExpenditures":"184500.00"},"quarterly_last_2":{"date":"2008-06-30","filing_date":"0000-00-00","investments":null,"changeToLiabilities":"0.00","totalCashflowsFromInvestingActivities":"-58500.00","netBorrowings":"1218000.00","totalCashFromFinancingActivities":"799500.00","changeToOperatingActivities":"-435500.00","netIncome":"-1290000.00","changeInCash":"233500.00","totalCashFromOperatingActivities":"-507000.00","depreciation":"390000.00","otherCashflowsFromInvestingActivities":"-58500.00","dividendsPaid":null,"changeToInventory":"1586000.00","changeToAccountReceivables":"1720000.00","salePurchaseOfStock":null,"otherCashflowsFromFinancingActivities":"799500.00","changeToNetincome":"393000.00","capitalExpenditures":"184500.00"},"quarterly_last_3":{"date":"2008-03-31","filing_date":"0000-00-00","investments":null,"changeToLiabilities":"0.00","totalCashflowsFromInvestingActivities":"-58500.00","netBorrowings":"1218000.00","totalCashFromFinancingActivities":"799500.00","changeToOperatingActivities":"-435500.00","netIncome":"-1290000.00","changeInCash":"233500.00","totalCashFromOperatingActivities":"-507000.00","depreciation":"390000.00","otherCashflowsFromInvestingActivities":"-58500.00","dividendsPaid":null,"changeToInventory":"1586000.00","changeToAccountReceivables":"1720000.00","salePurchaseOfStock":null,"otherCashflowsFromFinancingActivities":"799500.00","changeToNetincome":"393000.00","capitalExpenditures":"184500.00"},"yearly_last_0":{"date":"2008-12-31","filing_date":"0000-00-00","investments":null,"changeToLiabilities":"-1217000.00","totalCashflowsFromInvestingActivities":"-369000.00","netBorrowings":"2436000.00","totalCashFromFinancingActivities":"2436000.00","changeToOperatingActivities":"-871000.00","netIncome":"-1522726.00","changeInCash":"1761000.00","totalCashFromOperatingActivities":"-305999.00","depreciation":"1552000.00","otherCashflowsFromInvestingActivities":null,"dividendsPaid":null,"changeToInventory":"3172000.00","changeToAccountReceivables":"3440000.00","salePurchaseOfStock":null,"otherCashflowsFromFinancingActivities":null,"changeToNetincome":"-4859274.00","capitalExpenditures":"369000.00"},"yearly_last_1":{"date":"2007-12-31","filing_date":"0000-00-00","investments":"-632000.00","changeToLiabilities":"3094000.00","totalCashflowsFromInvestingActivities":"-1753000.00","netBorrowings":"6013000.00","totalCashFromFinancingActivities":"6013000.00","changeToOperatingActivities":"399000.00","netIncome":"-3636935.00","changeInCash":"3850000.00","totalCashFromOperatingActivities":"-146999.00","depreciation":"2352000.00","otherCashflowsFromInvestingActivities":null,"dividendsPaid":null,"changeToInventory":"-2371000.00","changeToAccountReceivables":"1652000.00","salePurchaseOfStock":null,"otherCashflowsFromFinancingActivities":null,"changeToNetincome":"-1636065.00","capitalExpenditures":"1400000.00"},"yearly_last_2":{"date":"2006-12-31","filing_date":"0000-00-00","investments":"3283000.00","changeToLiabilities":"-1207000.00","totalCashflowsFromInvestingActivities":"3151000.00","netBorrowings":"-1620000.00","totalCashFromFinancingActivities":"-1620000.00","changeToOperatingActivities":"-404000.00","netIncome":"991613.00","changeInCash":"1517000.00","totalCashFromOperatingActivities":"-14000.00","depreciation":"-650258.00","otherCashflowsFromInvestingActivities":null,"dividendsPaid":null,"changeToInventory":"597000.00","changeToAccountReceivables":"3123000.00","salePurchaseOfStock":null,"otherCashflowsFromFinancingActivities":null,"changeToNetincome":"-2464355.00","capitalExpenditures":"36000.00"},"yearly_last_3":{"date":"2005-12-31","filing_date":"0000-00-00","investments":"1636000.00","changeToLiabilities":"-202000.00","totalCashflowsFromInvestingActivities":"1638000.00","netBorrowings":"-1620000.00","totalCashFromFinancingActivities":"-1620000.00","changeToOperatingActivities":"897000.00","netIncome":"-2995111.00","changeInCash":"-12000.00","totalCashFromOperatingActivities":"-1650000.00","depreciation":"155000.00","otherCashflowsFromInvestingActivities":null,"dividendsPaid":null,"changeToInventory":"-32000.00","changeToAccountReceivables":"375000.00","salePurchaseOfStock":null,"otherCashflowsFromFinancingActivities":null,"changeToNetincome":"152111.00","capitalExpenditures":"36000.00"}},"Income_Statement":{"currency_symbol":"EUR","quarterly_last_0":{"date":"2008-12-31","filing_date":"0000-00-00","researchDevelopment":null,"effectOfAccountingCharges":null,"incomeBeforeTax":"325866.00","minorityInterest":"56457.00","netIncome":"528637.00","sellingGeneralAdministrative":"1612500.00","grossProfit":"2913600.00","ebit":"-2029570.00","operatingIncome":"-2029570.00","otherOperatingExpenses":"2944278.00","interestExpense":"-605593.00","extraordinaryItems":null,"nonRecurring":null,"otherItems":null,"incomeTaxExpense":"-185771.00","totalRevenue":"83419619.00","totalOperatingExpenses":"85449188.00","costOfRevenue":"80506019.00","totalOtherIncomeExpenseNet":"2355436.00","discontinuedOperations":null,"netIncomeFromContinuingOps":"511637.00","netIncomeApplicableToCommonShares":"528637.00"},"quarterly_last_1":{"date":"2008-09-30","filing_date":"0000-00-00","researchDevelopment":null,"effectOfAccountingCharges":null,"incomeBeforeTax":"325866.00","minorityInterest":"56457.00","netIncome":"528637.00","sellingGeneralAdministrative":"1612500.00","grossProfit":"2913600.00","ebit":"-2029570.00","operatingIncome":"-2029570.00","otherOperatingExpenses":"2944278.00","interestExpense":"-605593.00","extraordinaryItems":null,"nonRecurring":null,"otherItems":null,"incomeTaxExpense":"-185771.00","totalRevenue":"83419619.00","totalOperatingExpenses":"85449188.00","costOfRevenue":"80506019.00","totalOtherIncomeExpenseNet":"2355436.00","discontinuedOperations":null,"netIncomeFromContinuingOps":"511637.00","netIncomeApplicableToCommonShares":"528637.00"},"quarterly_last_2":{"date":"2008-06-30","filing_date":"0000-00-00","researchDevelopment":null,"effectOfAccountingCharges":null,"incomeBeforeTax":"-1357500.00","minorityInterest":"90000.00","netIncome":"-1290000.00","sellingGeneralAdministrative":"1612500.00","grossProfit":"385000.00","ebit":"-939000.00","operatingIncome":"-939000.00","otherOperatingExpenses":"934000.00","interestExpense":"-553500.00","extraordinaryItems":null,"nonRecurring":null,"otherItems":null,"incomeTaxExpense":"-53500.00","totalRevenue":"79633500.00","totalOperatingExpenses":"80572500.00","costOfRevenue":"79248500.00","totalOtherIncomeExpenseNet":"-418500.00","discontinuedOperations":null,"netIncomeFromContinuingOps":"-1304000.00","netIncomeApplicableToCommonShares":"-1290000.00"},"quarterly_last_3":{"date":"2008-03-31","filing_date":"0000-00-00","researchDevelopment":null,"effectOfAccountingCharges":null,"incomeBeforeTax":"-1357500.00","minorityInterest":"90000.00","netIncome":"-1290000.00","sellingGeneralAdministrative":"1612500.00","grossProfit":"385000.00","ebit":"-939000.00","operatingIncome":"-939000.00","otherOperatingExpenses":"934000.00","interestExpense":"-553500.00","extraordinaryItems":null,"nonRecurring":null,"otherItems":null,"incomeTaxExpense":"-53500.00","totalRevenue":"79633500.00","totalOperatingExpenses":"80572500.00","costOfRevenue":"79248500.00","totalOtherIncomeExpenseNet":"-418500.00","discontinuedOperations":null,"netIncomeFromContinuingOps":"-1304000.00","netIncomeApplicableToCommonShares":"-1290000.00"},"yearly_last_0":{"date":"2008-12-31","filing_date":"0000-00-00","researchDevelopment":null,"effectOfAccountingCharges":null,"incomeBeforeTax":"-2063267.00","minorityInterest":"56457.00","netIncome":"-1522726.00","sellingGeneralAdministrative":"3225000.00","grossProfit":"6597200.00","ebit":"-5937139.00","operatingIncome":"-5937139.00","otherOperatingExpenses":"7756555.00","interestExpense":"-2318186.00","extraordinaryItems":null,"nonRecurring":null,"otherItems":null,"incomeTaxExpense":"-478541.00","totalRevenue":"326106237.00","totalOperatingExpenses":"332043376.00","costOfRevenue":"319509037.00","totalOtherIncomeExpenseNet":"3873872.00","discontinuedOperations":null,"netIncomeFromContinuingOps":"-1584726.00","netIncomeApplicableToCommonShares":"-1522726.00"},"yearly_last_1":{"date":"2007-12-31","filing_date":"0000-00-00","researchDevelopment":null,"effectOfAccountingCharges":null,"incomeBeforeTax":"-5737432.00","minorityInterest":"118458.00","netIncome":"-3636935.00","sellingGeneralAdministrative":"3445000.00","grossProfit":"9918616.00","ebit":"-3516415.00","operatingIncome":"-3516415.00","otherOperatingExpenses":"7637693.00","interestExpense":"-2334101.00","extraordinaryItems":null,"nonRecurring":null,"otherItems":null,"incomeTaxExpense":"-2100497.00","totalRevenue":"320705125.00","totalOperatingExpenses":"324221540.00","costOfRevenue":"310786509.00","totalOtherIncomeExpenseNet":"-2221017.00","discontinuedOperations":null,"netIncomeFromContinuingOps":"-3636935.00","netIncomeApplicableToCommonShares":"-3636935.00"},"yearly_last_2":{"date":"2006-12-31","filing_date":"0000-00-00","researchDevelopment":null,"effectOfAccountingCharges":null,"incomeBeforeTax":"590437.00","minorityInterest":"118458.00","netIncome":"991613.00","sellingGeneralAdministrative":"547000.00","grossProfit":"169743.00","ebit":"-1757008.00","operatingIncome":"-1757008.00","otherOperatingExpenses":"1250125.00","interestExpense":"-52845.00","extraordinaryItems":null,"nonRecurring":null,"otherItems":null,"incomeTaxExpense":"-401176.00","totalRevenue":"8566698.00","totalOperatingExpenses":"10323706.00","costOfRevenue":"8396955.00","totalOtherIncomeExpenseNet":"2347445.00","discontinuedOperations":null,"netIncomeFromContinuingOps":"991613.00","netIncomeApplicableToCommonShares":"991613.00"},"yearly_last_3":{"date":"2005-12-31","filing_date":"0000-00-00","researchDevelopment":null,"effectOfAccountingCharges":null,"incomeBeforeTax":"-2995788.00","minorityInterest":"118458.00","netIncome":"-2995111.00","sellingGeneralAdministrative":"547000.00","grossProfit":"-164293.00","ebit":"-3177710.00","operatingIncome":"-3177710.00","otherOperatingExpenses":"2859002.00","interestExpense":"-9557.00","extraordinaryItems":null,"nonRecurring":null,"otherItems":null,"incomeTaxExpense":"-677.00","totalRevenue":"7502413.00","totalOperatingExpenses":"10680123.00","costOfRevenue":"7666706.00","totalOtherIncomeExpenseNet":"181922.00","discontinuedOperations":null,"netIncomeFromContinuingOps":"-2995111.00","netIncomeApplicableToCommonShares":"-2995111.00"}}}},"3":{"General":{"Code":"TOM","Type":"Common Stock","Name":"Toyota Motor Corporation","Exchange":"F","CurrencyCode":"EUR","CurrencyName":"Euro","CurrencySymbol":"\u20ac","CountryName":"Germany","CountryISO":"DE","ISIN":null,"Sector":"Consumer Cyclical","Industry":"Auto Manufacturers","Description":"Toyota Motor Corporation designs, manufactures, assembles, and sells passenger vehicles, minivans and commercial vehicles, and related parts and accessories. It operates in Automotive, Financial Services, and All Other segments. The company offers hybrid cars under the Prius, Auris, Prius PHV, C-HR, LC, Camry, JPN TAXI, Avalon, Corolla HB, Crown, Century, UX, Corolla SD, and WG HV names; fuel cell vehicles under the MIRAI and SORA names; and conventional engine vehicles, including subcompact and compact cars under the Corolla, Yaris, Vitz, Prius C, Aqua, Passo, Roomy, Tank, Etios, Vios, AGYA, Rush, Daihatsu, and Yaris iA names. It also provides mini-vehicles, passenger vehicles, commercial vehicles, and auto parts under the Toyota name; mid-size cars under the Camry and REIZ names; luxury cars under the Lexus, Avalon, and Crown names; Century limousines; sports cars under the LC and Supra names; and sport-utility vehicles under the Sequoia, 4Runner, RAV4, Highlander, and Land Cruiser names. In addition, the company offers pickup trucks under the Tacoma and Tundra names; minivans under the Alphard, Vellfire, Noah\/Voxy, Esquire, Calya, Estima, Sienta, and Sienna names; and trucks and buses. Further, it provides financial services, such as retail financing and leasing, wholesale financing, insurance, and credit cards; and manufactures and sells prefabricated housing. Additionally, the company engages in the information technology related businesses comprising operation of a Web portal for automobile information known as GAZOO.com. It operates in Japan, North America, Europe, Asia, Central and South America, Oceania, Africa, and the Middle East. Toyota Motor Corporation has a research agreement with the Japan Aerospace Exploration Agency to research on a manned, pressurized lunar rover that uses fuel cell electric vehicle technologies; and a capital alliance agreement with Suzuki Motor Corporation. The company was founded in 1933 and is headquartered in Toyota, Japan.","FullTimeEmployees":376445,"UpdatedAt":"2019-09-24"},"Highlights":{"MarketCapitalization":176997269504,"MarketCapitalizationMln":"176997.2695","EBITDA":null,"PERatio":"7.6156","PEGRatio":"0.0000","WallStreetTargetPrice":null,"BookValue":"61.7520","DividendShare":"1.9600","DividendYield":"0.0314","EarningsShare":"8.1780","EPSEstimateCurrentYear":null,"EPSEstimateNextYear":null,"EPSEstimateNextQuarter":null,"MostRecentQuarter":"2019-06-30","ProfitMargin":"0.0626","OperatingMarginTTM":"0.0000","ReturnOnAssetsTTM":"0.0306","ReturnOnEquityTTM":"0.1005","RevenueTTM":null,"RevenuePerShareTTM":null,"QuarterlyRevenueGrowthYOY":"0.0380","GrossProfitTTM":"5443896000000.00","DilutedEpsTTM":"8.1780","QuarterlyEarningsGrowthYOY":"0.0670"},"Valuation":{"TrailingPE":"7.6156","ForwardPE":null,"PriceSalesTTM":null,"PriceBookMRQ":"1.0086","EnterpriseValueRevenue":null,"EnterpriseValueEbitda":null},"Technicals":{"Beta":"0.5788","52WeekHigh":"63.3200","52WeekLow":"49.5700","50DayMA":"59.2269","200DayMA":"55.8900","SharesShort":null,"SharesShortPriorMonth":null,"ShortRatio":null,"ShortPercent":null},"SplitsDividends":{"ForwardAnnualDividendRate":"1.9600","ForwardAnnualDividendYield":"0.0314","PayoutRatio":"0.3333","DividendDate":"0000-00-00","ExDividendDate":"2019-03-28","LastSplitFactor":"","LastSplitDate":"0000-00-00"},"Earnings":{"Last_0":{"date":"2018-03-31","epsActual":-0.01,"epsEstimate":null,"epsDifference":null,"surprisePercent":null},"Last_1":{"date":"0000-00-00","epsActual":0,"epsEstimate":0,"epsDifference":0,"surprisePercent":0},"Last_2":{"date":"0000-00-00","epsActual":0,"epsEstimate":0,"epsDifference":0,"surprisePercent":0},"Last_3":{"date":"0000-00-00","epsActual":0,"epsEstimate":0,"epsDifference":0,"surprisePercent":0}},"Financials":{"Balance_Sheet":{"currency_symbol":"EUR","quarterly_last_0":{"date":"2019-06-30","filing_date":null,"intangibleAssets":null,"totalLiab":"31876332000000.00","totalStockholderEquity":"19527680000000.00","deferredLongTermLiab":null,"otherCurrentLiab":"2601076000000.00","totalAssets":"52117436000000.00","commonStock":"20550169000000.00","otherCurrentAssets":"935748000000.00","retainedEarnings":"22326275000000.00","otherLiab":"3425427000000.00","goodWill":null,"otherAssets":"22408000000.00","cash":"5228779000000.00","totalCurrentLiabilities":"17901744000000.00","shortLongTermDebt":"4302570000000.00","otherStockholderEquity":"-1022489000000.00","propertyPlantEquipment":"10540525000000.00","totalCurrentAssets":"19286535000000.00","longTermInvestments":"22267968000000.00","netTangibleAssets":"19527680000000.00","shortTermInvestments":"971958000000.00","netReceivables":"9411910000000.00","longTermDebt":"10549161000000.00","inventory":"2738140000000.00","accountsPayable":"2464104000000.00"},"quarterly_last_1":{"date":"2019-03-31","filing_date":null,"intangibleAssets":null,"totalLiab":"31869812000000.00","totalStockholderEquity":"19348152000000.00","deferredLongTermLiab":null,"otherCurrentLiab":"4479344000000.00","totalAssets":"51936949000000.00","commonStock":"397050000000.00","otherCurrentAssets":"142531000000.00","retainedEarnings":"21987515000000.00","otherLiab":"2887743000000.00","goodWill":null,"otherAssets":"1182809000000.00","cash":"2790212000000.00","totalCurrentLiabilities":"18226938000000.00","shortLongTermDebt":"156038000000.00","otherStockholderEquity":"-916650000000.00","propertyPlantEquipment":"10685494000000.00","totalCurrentAssets":"18879237000000.00","longTermInvestments":"10908291000000.00","netTangibleAssets":"19348152000000.00","shortTermInvestments":"2234892000000.00","netReceivables":"2940890000000.00","longTermDebt":"765586000000.00","inventory":"2656396000000.00","accountsPayable":"2645984000000.00"},"quarterly_last_2":{"date":"2018-12-31","filing_date":null,"intangibleAssets":null,"totalLiab":"31304888000000.00","totalStockholderEquity":"19089239000000.00","deferredLongTermLiab":null,"otherCurrentLiab":"2572110000000.00","totalAssets":"51085992000000.00","commonStock":"19907339000000.00","otherCurrentAssets":"937868000000.00","retainedEarnings":"21531645000000.00","otherLiab":"3100074000000.00","goodWill":null,"otherAssets":"22000000000.00","cash":"4142702000000.00","totalCurrentLiabilities":"17771273000000.00","shortLongTermDebt":"4408164000000.00","otherStockholderEquity":"-818100000000.00","propertyPlantEquipment":"10556459000000.00","totalCurrentAssets":"17791194000000.00","longTermInvestments":"22716339000000.00","netTangibleAssets":"19089239000000.00","shortTermInvestments":"1122318000000.00","netReceivables":"9033173000000.00","longTermDebt":"10433541000000.00","inventory":"2555133000000.00","accountsPayable":"2345483000000.00"},"quarterly_last_3":{"date":"2018-09-30","filing_date":null,"intangibleAssets":null,"totalLiab":"32302463000000.00","totalStockholderEquity":"19511392000000.00","deferredLongTermLiab":null,"otherCurrentLiab":"2626053000000.00","totalAssets":"52516005000000.00","commonStock":"19984257000000.00","otherCurrentAssets":"909624000000.00","retainedEarnings":"21456737000000.00","otherLiab":"3256061000000.00","goodWill":null,"otherAssets":"22438000000.00","cash":"4460019000000.00","totalCurrentLiabilities":"17981907000000.00","shortLongTermDebt":"4465791000000.00","otherStockholderEquity":"-472865000000.00","propertyPlantEquipment":"10680919000000.00","totalCurrentAssets":"18525993000000.00","longTermInvestments":"23286655000000.00","netTangibleAssets":"19511392000000.00","shortTermInvestments":"1409930000000.00","netReceivables":"9162885000000.00","longTermDebt":"11064495000000.00","inventory":"2583535000000.00","accountsPayable":"2380962000000.00"},"yearly_last_0":{"date":"2019-03-31","filing_date":null,"intangibleAssets":null,"totalLiab":"31869812000000.00","totalStockholderEquity":"19348152000000.00","deferredLongTermLiab":null,"otherCurrentLiab":"4479344000000.00","totalAssets":"51936949000000.00","commonStock":"397050000000.00","otherCurrentAssets":"142531000000.00","retainedEarnings":"21987515000000.00","otherLiab":"2887743000000.00","goodWill":null,"otherAssets":"1182809000000.00","cash":"2790212000000.00","totalCurrentLiabilities":"18226938000000.00","shortLongTermDebt":"156038000000.00","otherStockholderEquity":"-916650000000.00","propertyPlantEquipment":"10685494000000.00","totalCurrentAssets":"18879237000000.00","longTermInvestments":"10908291000000.00","netTangibleAssets":"19348152000000.00","shortTermInvestments":"2234892000000.00","netReceivables":"2940890000000.00","longTermDebt":"765586000000.00","inventory":"2656396000000.00","accountsPayable":"2645984000000.00"},"yearly_last_1":{"date":"2018-03-31","filing_date":null,"intangibleAssets":null,"totalLiab":"30878147000000.00","totalStockholderEquity":"18735982000000.00","deferredLongTermLiab":"10514000000.00","otherCurrentLiab":"4399669000000.00","totalAssets":"50308249000000.00","commonStock":"397050000000.00","otherCurrentAssets":"202292000000.00","retainedEarnings":"19473464000000.00","otherLiab":"2902003000000.00","goodWill":null,"otherAssets":"1067759000000.00","cash":"2390524000000.00","totalCurrentLiabilities":"17796891000000.00","shortLongTermDebt":"167455000000.00","otherStockholderEquity":"435699000000.00","propertyPlantEquipment":"10267673000000.00","totalCurrentAssets":"18152656000000.00","longTermInvestments":"11338543000000.00","netTangibleAssets":"18735982000000.00","shortTermInvestments":"2447703000000.00","netReceivables":"2708900000000.00","longTermDebt":"591086000000.00","inventory":"2539789000000.00","accountsPayable":"2586657000000.00"},"yearly_last_2":{"date":"2017-03-31","filing_date":null,"intangibleAssets":null,"totalLiab":"30567110000000.00","totalStockholderEquity":"17514812000000.00","deferredLongTermLiab":"12777000000.00","otherCurrentLiab":"3979935000000.00","totalAssets":"48750186000000.00","commonStock":"397050000000.00","otherCurrentAssets":"12357000000.00","retainedEarnings":"17601070000000.00","otherLiab":"3163780000000.00","goodWill":null,"otherAssets":"1012639000000.00","cash":"2257064000000.00","totalCurrentLiabilities":"17318965000000.00","shortLongTermDebt":"228599000000.00","otherStockholderEquity":"640922000000.00","propertyPlantEquipment":"10197109000000.00","totalCurrentAssets":"17833695000000.00","longTermInvestments":"10694521000000.00","netTangibleAssets":"17514812000000.00","shortTermInvestments":"2522598000000.00","netReceivables":"2552805000000.00","longTermDebt":"578475000000.00","inventory":"2388617000000.00","accountsPayable":"2566382000000.00"},"yearly_last_3":{"date":"2016-03-31","filing_date":null,"intangibleAssets":null,"totalLiab":"29819190000000.00","totalStockholderEquity":"16746935000000.00","deferredLongTermLiab":"18204000000.00","otherCurrentLiab":"3840258000000.00","totalAssets":"47427597000000.00","commonStock":"397050000000.00","otherCurrentAssets":"1001897000000.00","retainedEarnings":"16794240000000.00","otherLiab":"3728447000000.00","goodWill":null,"otherAssets":"528172000000.00","cash":"2318152000000.00","totalCurrentLiabilities":"16124456000000.00","shortLongTermDebt":"150163000000.00","otherStockholderEquity":"610768000000.00","propertyPlantEquipment":"9740417000000.00","totalCurrentAssets":"18209553000000.00","longTermInvestments":"10306508000000.00","netTangibleAssets":"16746935000000.00","shortTermInvestments":"2242461000000.00","netReceivables":"2451555000000.00","longTermDebt":"609149000000.00","inventory":"2061511000000.00","accountsPayable":"2389515000000.00"}},"Cash_Flow":{"currency_symbol":"EUR","quarterly_last_0":{"date":"2019-06-30","filing_date":null,"investments":"593164000000.00","changeToLiabilities":"0.00","totalCashflowsFromInvestingActivities":"-731072000000.00","netBorrowings":"458476000000.00","totalCashFromFinancingActivities":"40646000000.00","changeToOperatingActivities":"-1815000000.00","netIncome":"682974000000.00","changeInCash":"183972000000.00","totalCashFromOperatingActivities":"908370000000.00","depreciation":"398352000000.00","otherCashflowsFromInvestingActivities":"-698346000000.00","dividendsPaid":"-344862000000.00","changeToInventory":null,"changeToAccountReceivables":null,"salePurchaseOfStock":null,"otherCashflowsFromFinancingActivities":"-18660000000.00","changeToNetincome":"-189841000000.00","capitalExpenditures":"998492000000.00"},"quarterly_last_1":{"date":"2019-03-31","filing_date":null,"investments":"380978000000.00","changeToLiabilities":"94887000000.00","totalCashflowsFromInvestingActivities":"-354573000000.00","netBorrowings":"-6278000000.00","totalCashFromFinancingActivities":"-104729000000.00","changeToOperatingActivities":"489484000000.00","netIncome":"459566000000.00","changeInCash":"412588000000.00","totalCashFromOperatingActivities":"899827000000.00","depreciation":"470763000000.00","otherCashflowsFromInvestingActivities":"-698346000000.00","dividendsPaid":"-344862000000.00","changeToInventory":"-166902000000.00","changeToAccountReceivables":"-246845000000.00","salePurchaseOfStock":null,"otherCashflowsFromFinancingActivities":"-234000000.00","changeToNetincome":"-59797000000.00","capitalExpenditures":"886478000000.00"},"quarterly_last_2":{"date":"2018-12-31","filing_date":null,"investments":"130032000000.00","changeToLiabilities":"0.00","totalCashflowsFromInvestingActivities":"-488402000000.00","netBorrowings":"-119869000000.00","totalCashFromFinancingActivities":"-590481000000.00","changeToOperatingActivities":"-99665000000.00","netIncome":"180915000000.00","changeInCash":"-88938000000.00","totalCashFromOperatingActivities":"1040582000000.00","depreciation":"456305000000.00","otherCashflowsFromInvestingActivities":"-58243000000.00","dividendsPaid":"-291895000000.00","changeToInventory":"-166902000000.00","changeToAccountReceivables":"-246845000000.00","salePurchaseOfStock":null,"otherCashflowsFromFinancingActivities":"-26892000000.00","changeToNetincome":"480842000000.00","capitalExpenditures":"930172000000.00"},"quarterly_last_3":{"date":"2018-09-30","filing_date":null,"investments":"266634000000.00","changeToLiabilities":"0.00","totalCashflowsFromInvestingActivities":"-811639000000.00","netBorrowings":"181821000000.00","totalCashFromFinancingActivities":"-2633000000.00","changeToOperatingActivities":"145576000000.00","netIncome":"585086000000.00","changeInCash":"215246000000.00","totalCashFromOperatingActivities":"1002172000000.00","depreciation":"451853000000.00","otherCashflowsFromInvestingActivities":"-552363000000.00","dividendsPaid":"-291895000000.00","changeToInventory":"-166902000000.00","changeToAccountReceivables":"-246845000000.00","salePurchaseOfStock":null,"otherCashflowsFromFinancingActivities":"-13720000000.00","changeToNetincome":"-208826000000.00","capitalExpenditures":"894504000000.00"},"yearly_last_0":{"date":"2019-03-31","filing_date":null,"investments":"616642000000.00","changeToLiabilities":"94887000000.00","totalCashflowsFromInvestingActivities":"-2697241000000.00","netBorrowings":"722971000000.00","totalCashFromFinancingActivities":"-540839000000.00","changeToOperatingActivities":"408400000000.00","netIncome":"1882873000000.00","changeInCash":"486876000000.00","totalCashFromOperatingActivities":"3766597000000.00","depreciation":"1792375000000.00","otherCashflowsFromInvestingActivities":null,"dividendsPaid":"-644806000000.00","changeToInventory":"-166902000000.00","changeToAccountReceivables":"-246845000000.00","salePurchaseOfStock":null,"otherCashflowsFromFinancingActivities":"-69367000000.00","changeToNetincome":"143138000000.00","capitalExpenditures":"3738887000000.00"},"yearly_last_1":{"date":"2018-03-31","filing_date":"0000-00-00","investments":"-332273000000.00","changeToLiabilities":"46648000000.00","totalCashflowsFromInvestingActivities":"-3660092000000.00","netBorrowings":"689339000000.00","totalCashFromFinancingActivities":"-449135000000.00","changeToOperatingActivities":"485725000000.00","netIncome":"2493983000000.00","changeInCash":"70313000000.00","totalCashFromOperatingActivities":"4223128000000.00","depreciation":"1734033000000.00","otherCashflowsFromInvestingActivities":"675000000.00","dividendsPaid":"-626892000000.00","changeToInventory":"-171148000000.00","changeToAccountReceivables":"-105435000000.00","salePurchaseOfStock":"-4211000000.00","otherCashflowsFromFinancingActivities":"-63764000000.00","changeToNetincome":"-499431000000.00","capitalExpenditures":"3598707000000.00"},"yearly_last_2":{"date":"2017-03-31","filing_date":"0000-00-00","investments":"695000000.00","changeToLiabilities":"145957000000.00","totalCashflowsFromInvestingActivities":"-2969939000000.00","netBorrowings":"1030929000000.00","totalCashFromFinancingActivities":"-375165000000.00","changeToOperatingActivities":"772432000000.00","netIncome":"1831109000000.00","changeInCash":"209898000000.00","totalCashFromOperatingActivities":"3568488000000.00","depreciation":"1610950000000.00","otherCashflowsFromInvestingActivities":"370000000.00","dividendsPaid":"-638172000000.00","changeToInventory":"-246326000000.00","changeToAccountReceivables":"-264784000000.00","salePurchaseOfStock":"-6318000000.00","otherCashflowsFromFinancingActivities":"-63936000000.00","changeToNetincome":"-159818000000.00","capitalExpenditures":"3541437000000.00"},"yearly_last_3":{"date":"2016-03-31","filing_date":"0000-00-00","investments":"156222000000.00","changeToLiabilities":"120381000000.00","totalCashflowsFromInvestingActivities":"-3182544000000.00","netBorrowings":"658767000000.00","totalCashFromFinancingActivities":"-423571000000.00","changeToOperatingActivities":"465547000000.00","netIncome":"2312694000000.00","changeInCash":"654871000000.00","totalCashFromOperatingActivities":"4460857000000.00","depreciation":"1625837000000.00","otherCashflowsFromInvestingActivities":"375000000.00","dividendsPaid":"-705953000000.00","changeToInventory":"-68912000000.00","changeToAccountReceivables":"-25180000000.00","salePurchaseOfStock":"474917000000.00","otherCashflowsFromFinancingActivities":"-73129000000.00","changeToNetincome":"36006000000.00","capitalExpenditures":"4059216000000.00"}},"Income_Statement":{"currency_symbol":"EUR","quarterly_last_0":{"date":"2019-06-30","filing_date":null,"researchDevelopment":null,"effectOfAccountingCharges":null,"incomeBeforeTax":"951303000000.00","minorityInterest":"713424000000.00","netIncome":"682974000000.00","sellingGeneralAdministrative":"694050000000.00","grossProfit":"1436001000000.00","ebit":"741951000000.00","operatingIncome":"741951000000.00","otherOperatingExpenses":null,"interestExpense":"-4351000000.00","extraordinaryItems":null,"nonRecurring":null,"otherItems":null,"incomeTaxExpense":"249629000000.00","totalRevenue":"7646091000000.00","totalOperatingExpenses":"6904140000000.00","costOfRevenue":"6210090000000.00","totalOtherIncomeExpenseNet":"209352000000.00","discontinuedOperations":null,"netIncomeFromContinuingOps":"701674000000.00","netIncomeApplicableToCommonShares":"678653000000.00"},"quarterly_last_1":{"date":"2019-03-31","filing_date":null,"researchDevelopment":null,"effectOfAccountingCharges":null,"incomeBeforeTax":"664887000000.00","minorityInterest":"718985000000.00","netIncome":"459566000000.00","sellingGeneralAdministrative":"771095000000.00","grossProfit":"1300666000000.00","ebit":"529571000000.00","operatingIncome":"529571000000.00","otherOperatingExpenses":null,"interestExpense":"-7570000000.00","extraordinaryItems":null,"nonRecurring":null,"otherItems":null,"incomeTaxExpense":"180205000000.00","totalRevenue":"7750133000000.00","totalOperatingExpenses":"7220562000000.00","costOfRevenue":"6449467000000.00","totalOtherIncomeExpenseNet":"135316000000.00","discontinuedOperations":null,"netIncomeFromContinuingOps":"484682000000.00","netIncomeApplicableToCommonShares":"455869000000.00"},"quarterly_last_2":{"date":"2018-12-31","filing_date":null,"researchDevelopment":null,"effectOfAccountingCharges":null,"incomeBeforeTax":"209248000000.00","minorityInterest":"691865000000.00","netIncome":"180915000000.00","sellingGeneralAdministrative":"777252000000.00","grossProfit":"1453381000000.00","ebit":"676129000000.00","operatingIncome":"676129000000.00","otherOperatingExpenses":null,"interestExpense":"-8905000000.00","extraordinaryItems":null,"nonRecurring":null,"otherItems":null,"incomeTaxExpense":"6148000000.00","totalRevenue":"7801542000000.00","totalOperatingExpenses":"7125413000000.00","costOfRevenue":"6348161000000.00","totalOtherIncomeExpenseNet":"-466881000000.00","discontinuedOperations":null,"netIncomeFromContinuingOps":"203100000000.00","netIncomeApplicableToCommonShares":"177218000000.00"},"quarterly_last_3":{"date":"2018-09-30","filing_date":null,"researchDevelopment":null,"effectOfAccountingCharges":null,"incomeBeforeTax":"840997000000.00","minorityInterest":"702150000000.00","netIncome":"585086000000.00","sellingGeneralAdministrative":"736109000000.00","grossProfit":"1315267000000.00","ebit":"579158000000.00","operatingIncome":"579158000000.00","otherOperatingExpenses":null,"interestExpense":"-8164000000.00","extraordinaryItems":null,"nonRecurring":null,"otherItems":null,"incomeTaxExpense":"227428000000.00","totalRevenue":"7311273000000.00","totalOperatingExpenses":"6732115000000.00","costOfRevenue":"5996006000000.00","totalOtherIncomeExpenseNet":"261839000000.00","discontinuedOperations":null,"netIncomeFromContinuingOps":"613569000000.00","netIncomeApplicableToCommonShares":"581389000000.00"},"yearly_last_0":{"date":"2019-03-31","filing_date":null,"researchDevelopment":null,"effectOfAccountingCharges":null,"incomeBeforeTax":"2645531000000.00","minorityInterest":"718985000000.00","netIncome":"1882873000000.00","sellingGeneralAdministrative":"2976351000000.00","grossProfit":"5443896000000.00","ebit":"2467545000000.00","operatingIncome":"2467545000000.00","otherOperatingExpenses":null,"interestExpense":"-28078000000.00","extraordinaryItems":null,"nonRecurring":null,"otherItems":null,"incomeTaxExpense":"659944000000.00","totalRevenue":"30225681000000.00","totalOperatingExpenses":"27758136000000.00","costOfRevenue":"24781785000000.00","totalOtherIncomeExpenseNet":"177986000000.00","discontinuedOperations":null,"netIncomeFromContinuingOps":"1985587000000.00","netIncomeApplicableToCommonShares":"1868085000000.00"},"yearly_last_1":{"date":"2018-03-31","filing_date":"0000-00-00","researchDevelopment":null,"effectOfAccountingCharges":null,"incomeBeforeTax":"3090512000000.00","minorityInterest":"694120000000.00","netIncome":"2493983000000.00","sellingGeneralAdministrative":"3090495000000.00","grossProfit":"5490357000000.00","ebit":"2399862000000.00","operatingIncome":"2399862000000.00","otherOperatingExpenses":null,"interestExpense":"-27586000000.00","extraordinaryItems":null,"nonRecurring":null,"otherItems":null,"incomeTaxExpense":"504406000000.00","totalRevenue":"29379510000000.00","totalOperatingExpenses":"26979648000000.00","costOfRevenue":"23889153000000.00","totalOtherIncomeExpenseNet":"690650000000.00","discontinuedOperations":null,"netIncomeFromContinuingOps":"2586106000000.00","netIncomeApplicableToCommonShares":"2481692000000.00"},"yearly_last_2":{"date":"2017-03-31","filing_date":"0000-00-00","researchDevelopment":null,"effectOfAccountingCharges":null,"incomeBeforeTax":"2555885000000.00","minorityInterest":"668264000000.00","netIncome":"1831109000000.00","sellingGeneralAdministrative":"2868485000000.00","grossProfit":"4862857000000.00","ebit":"1994372000000.00","operatingIncome":"1994372000000.00","otherOperatingExpenses":null,"interestExpense":"-29353000000.00","extraordinaryItems":null,"nonRecurring":null,"otherItems":null,"incomeTaxExpense":"628900000000.00","totalRevenue":"27597193000000.00","totalOperatingExpenses":"25602821000000.00","costOfRevenue":"22734336000000.00","totalOtherIncomeExpenseNet":"561513000000.00","discontinuedOperations":null,"netIncomeFromContinuingOps":"1926985000000.00","netIncomeApplicableToCommonShares":"1821314000000.00"},"yearly_last_3":{"date":"2016-03-31","filing_date":"0000-00-00","researchDevelopment":null,"effectOfAccountingCharges":null,"incomeBeforeTax":"3312480000000.00","minorityInterest":"861472000000.00","netIncome":"2312694000000.00","sellingGeneralAdministrative":"2943682000000.00","grossProfit":"5797653000000.00","ebit":"2853971000000.00","operatingIncome":"2853971000000.00","otherOperatingExpenses":null,"interestExpense":"-35403000000.00","extraordinaryItems":null,"nonRecurring":null,"otherItems":null,"incomeTaxExpense":"878269000000.00","totalRevenue":"28403118000000.00","totalOperatingExpenses":"25549147000000.00","costOfRevenue":"22605465000000.00","totalOtherIncomeExpenseNet":"458509000000.00","discontinuedOperations":null,"netIncomeFromContinuingOps":"2434211000000.00","netIncomeApplicableToCommonShares":"2306607000000.00"}}}},"4":{"General":{"Code":"UG6","Type":"Common Stock","Name":"Ship Finance International Limited","Exchange":"F","CurrencyCode":"EUR","CurrencyName":"Euro","CurrencySymbol":"\u20ac","CountryName":"Germany","CountryISO":"DE","ISIN":null,"Sector":"Industrials","Industry":"Shipping & Ports","Description":"Ship Finance International Limited owns and operates vessels and offshore related assets primarily in Bermuda, Cyprus, Malta, Liberia, Norway, the United Kingdom, and the Marshall Islands. It is also involved in the charter, purchase, and sale of assets. In addition, the company operates in various sectors of the shipping and offshore industry, including oil transportation, dry bulk shipments, chemical transportation, oil product transportation, container transportation, car transportation, drilling rigs, and offshore support vessels. As of February 26, 2019, it had a fleet of approximately 80 vessels, including tankers, bulkers, container vessels, and offshore assets. The company was founded in 2003 and is based in Hamilton, Bermuda.","FullTimeEmployees":11,"UpdatedAt":"2019-09-24"},"Highlights":{"MarketCapitalization":1371673600,"MarketCapitalizationMln":"1371.6736","EBITDA":318876000,"PERatio":"14.7636","PEGRatio":"0.0000","WallStreetTargetPrice":null,"BookValue":"10.7300","DividendShare":"1.2700","DividendYield":"0.0978","EarningsShare":"0.8670","EPSEstimateCurrentYear":null,"EPSEstimateNextYear":null,"EPSEstimateNextQuarter":null,"MostRecentQuarter":"2019-06-30","ProfitMargin":"0.2085","OperatingMarginTTM":"0.4315","ReturnOnAssetsTTM":"0.0338","ReturnOnEquityTTM":"0.0792","RevenueTTM":"455104000.00","RevenuePerShareTTM":"4.2290","QuarterlyRevenueGrowthYOY":"0.1470","GrossProfitTTM":"288291000.00","DilutedEpsTTM":"0.8670","QuarterlyEarningsGrowthYOY":"0.7400"},"Valuation":{"TrailingPE":"14.7636","ForwardPE":null,"PriceSalesTTM":null,"PriceBookMRQ":"1.1929","EnterpriseValueRevenue":"7.9970","EnterpriseValueEbitda":"11.4140"},"Technicals":{"Beta":"0.6669","52WeekHigh":"13.4820","52WeekLow":"9.1200","50DayMA":"12.3144","200DayMA":"11.4600","SharesShort":null,"SharesShortPriorMonth":null,"ShortRatio":null,"ShortPercent":null},"SplitsDividends":{"ForwardAnnualDividendRate":"1.2700","ForwardAnnualDividendYield":"0.0978","PayoutRatio":"1.8421","DividendDate":"0000-00-00","ExDividendDate":"2019-09-11","LastSplitFactor":"43\/1","LastSplitDate":"2009-12-04"},"Earnings":{"Last_0":{"date":"0000-00-00","epsActual":0,"epsEstimate":0,"epsDifference":0,"surprisePercent":0},"Last_1":{"date":"0000-00-00","epsActual":0,"epsEstimate":0,"epsDifference":0,"surprisePercent":0},"Last_2":{"date":"0000-00-00","epsActual":0,"epsEstimate":0,"epsDifference":0,"surprisePercent":0},"Last_3":{"date":"0000-00-00","epsActual":0,"epsEstimate":0,"epsDifference":0,"surprisePercent":0}},"Financials":{"Balance_Sheet":{"currency_symbol":"","quarterly_last_0":{"date":"0000-00-00","filing_date":"0000-00-00","intangibleAssets":0,"totalLiab":0,"totalStockholderEquity":0,"deferredLongTermLiab":0,"otherCurrentLiab":0,"totalAssets":0,"commonStock":0,"otherCurrentAssets":0,"retainedEarnings":0,"otherLiab":0,"goodWill":0,"otherAssets":0,"cash":0,"totalCurrentLiabilities":0,"shortLongTermDebt":0,"otherStockholderEquity":0,"propertyPlantEquipment":0,"totalCurrentAssets":0,"longTermInvestments":0,"netTangibleAssets":0,"shortTermInvestments":0,"netReceivables":0,"longTermDebt":0,"inventory":0,"accountsPayable":0},"quarterly_last_1":{"date":"0000-00-00","filing_date":"0000-00-00","intangibleAssets":0,"totalLiab":0,"totalStockholderEquity":0,"deferredLongTermLiab":0,"otherCurrentLiab":0,"totalAssets":0,"commonStock":0,"otherCurrentAssets":0,"retainedEarnings":0,"otherLiab":0,"goodWill":0,"otherAssets":0,"cash":0,"totalCurrentLiabilities":0,"shortLongTermDebt":0,"otherStockholderEquity":0,"propertyPlantEquipment":0,"totalCurrentAssets":0,"longTermInvestments":0,"netTangibleAssets":0,"shortTermInvestments":0,"netReceivables":0,"longTermDebt":0,"inventory":0,"accountsPayable":0},"quarterly_last_2":{"date":"0000-00-00","filing_date":"0000-00-00","intangibleAssets":0,"totalLiab":0,"totalStockholderEquity":0,"deferredLongTermLiab":0,"otherCurrentLiab":0,"totalAssets":0,"commonStock":0,"otherCurrentAssets":0,"retainedEarnings":0,"otherLiab":0,"goodWill":0,"otherAssets":0,"cash":0,"totalCurrentLiabilities":0,"shortLongTermDebt":0,"otherStockholderEquity":0,"propertyPlantEquipment":0,"totalCurrentAssets":0,"longTermInvestments":0,"netTangibleAssets":0,"shortTermInvestments":0,"netReceivables":0,"longTermDebt":0,"inventory":0,"accountsPayable":0},"quarterly_last_3":{"date":"0000-00-00","filing_date":"0000-00-00","intangibleAssets":0,"totalLiab":0,"totalStockholderEquity":0,"deferredLongTermLiab":0,"otherCurrentLiab":0,"totalAssets":0,"commonStock":0,"otherCurrentAssets":0,"retainedEarnings":0,"otherLiab":0,"goodWill":0,"otherAssets":0,"cash":0,"totalCurrentLiabilities":0,"shortLongTermDebt":0,"otherStockholderEquity":0,"propertyPlantEquipment":0,"totalCurrentAssets":0,"longTermInvestments":0,"netTangibleAssets":0,"shortTermInvestments":0,"netReceivables":0,"longTermDebt":0,"inventory":0,"accountsPayable":0},"yearly_last_0":{"date":"2017-12-31","filing_date":null,"intangibleAssets":null,"totalLiab":"1817085000.00","totalStockholderEquity":"1194997000.00","deferredLongTermLiab":null,"otherCurrentLiab":"14724000.00","totalAssets":"3012082000.00","commonStock":"1109000.00","otherCurrentAssets":"2291000.00","retainedEarnings":"203932000.00","otherLiab":"234538000.00","goodWill":null,"otherAssets":"12791000.00","cash":"153268000.00","totalCurrentLiabilities":"343745000.00","shortLongTermDebt":"314326000.00","otherStockholderEquity":"-94406000.00","propertyPlantEquipment":"1762596000.00","totalCurrentAssets":"317695000.00","longTermInvestments":"919000000.00","netTangibleAssets":"1194997000.00","shortTermInvestments":"125898000.00","netReceivables":"31220000.00","longTermDebt":"1238802000.00","inventory":"5126000.00","accountsPayable":"14695000.00"},"yearly_last_1":{"date":"2016-12-31","filing_date":null,"intangibleAssets":null,"totalLiab":"1803282000.00","totalStockholderEquity":"1134095000.00","deferredLongTermLiab":null,"otherCurrentLiab":"8882000.00","totalAssets":"2937377000.00","commonStock":"1015000.00","otherCurrentAssets":"27705000.00","retainedEarnings":"255630000.00","otherLiab":"124882000.00","goodWill":null,"otherAssets":"18992000.00","cash":"62602000.00","totalCurrentLiabilities":"238970000.00","shortLongTermDebt":"214209000.00","otherStockholderEquity":"-85755000.00","propertyPlantEquipment":"1770616000.00","totalCurrentAssets":"278427000.00","longTermInvestments":"869342000.00","netTangibleAssets":"1134095000.00","shortTermInvestments":"150709000.00","netReceivables":"32438000.00","longTermDebt":"1439430000.00","inventory":"5083000.00","accountsPayable":"15879000.00"},"yearly_last_2":{"date":"2015-12-31","filing_date":null,"intangibleAssets":null,"totalLiab":"1790744000.00","totalStockholderEquity":"1241810000.00","deferredLongTermLiab":null,"otherCurrentLiab":"17037000.00","totalAssets":"3032554000.00","commonStock":"93468000.00","otherCurrentAssets":"5790000.00","retainedEarnings":"277513000.00","otherLiab":"11963000.00","goodWill":null,"otherAssets":"27746000.00","cash":"70175000.00","totalCurrentLiabilities":"238965000.00","shortLongTermDebt":"208031000.00","otherStockholderEquity":"-3163000.00","propertyPlantEquipment":"1681466000.00","totalCurrentAssets":"375917000.00","longTermInvestments":"947425000.00","netTangibleAssets":"1241810000.00","shortTermInvestments":"236739000.00","netReceivables":"58157000.00","longTermDebt":"1539816000.00","inventory":"5056000.00","accountsPayable":"13897000.00"},"yearly_last_3":{"date":"2014-12-31","filing_date":null,"intangibleAssets":null,"totalLiab":"1888062000.00","totalStockholderEquity":"1153492000.00","deferredLongTermLiab":null,"otherCurrentLiab":"9092000.00","totalAssets":"3041554000.00","commonStock":"93404000.00","otherCurrentAssets":"5075000.00","retainedEarnings":"239275000.00","otherLiab":"17584000.00","goodWill":null,"otherAssets":"8581000.00","cash":"50818000.00","totalCurrentLiabilities":"213755000.00","shortLongTermDebt":"182932000.00","otherStockholderEquity":"-50524000.00","propertyPlantEquipment":"1464700000.00","totalCurrentAssets":"340225000.00","longTermInvestments":"1191090000.00","netTangibleAssets":"1153492000.00","shortTermInvestments":"111173000.00","netReceivables":"166232000.00","longTermDebt":"1656723000.00","inventory":"6927000.00","accountsPayable":"21731000.00"}},"Cash_Flow":{"currency_symbol":"","quarterly_last_0":{"date":"0000-00-00","filing_date":"0000-00-00","investments":0,"changeToLiabilities":0,"totalCashflowsFromInvestingActivities":0,"netBorrowings":0,"totalCashFromFinancingActivities":0,"changeToOperatingActivities":0,"netIncome":0,"changeInCash":0,"totalCashFromOperatingActivities":0,"depreciation":0,"otherCashflowsFromInvestingActivities":0,"dividendsPaid":0,"changeToInventory":0,"changeToAccountReceivables":0,"salePurchaseOfStock":0,"otherCashflowsFromFinancingActivities":0,"changeToNetincome":0,"capitalExpenditures":0},"quarterly_last_1":{"date":"0000-00-00","filing_date":"0000-00-00","investments":0,"changeToLiabilities":0,"totalCashflowsFromInvestingActivities":0,"netBorrowings":0,"totalCashFromFinancingActivities":0,"changeToOperatingActivities":0,"netIncome":0,"changeInCash":0,"totalCashFromOperatingActivities":0,"depreciation":0,"otherCashflowsFromInvestingActivities":0,"dividendsPaid":0,"changeToInventory":0,"changeToAccountReceivables":0,"salePurchaseOfStock":0,"otherCashflowsFromFinancingActivities":0,"changeToNetincome":0,"capitalExpenditures":0},"quarterly_last_2":{"date":"0000-00-00","filing_date":"0000-00-00","investments":0,"changeToLiabilities":0,"totalCashflowsFromInvestingActivities":0,"netBorrowings":0,"totalCashFromFinancingActivities":0,"changeToOperatingActivities":0,"netIncome":0,"changeInCash":0,"totalCashFromOperatingActivities":0,"depreciation":0,"otherCashflowsFromInvestingActivities":0,"dividendsPaid":0,"changeToInventory":0,"changeToAccountReceivables":0,"salePurchaseOfStock":0,"otherCashflowsFromFinancingActivities":0,"changeToNetincome":0,"capitalExpenditures":0},"quarterly_last_3":{"date":"0000-00-00","filing_date":"0000-00-00","investments":0,"changeToLiabilities":0,"totalCashflowsFromInvestingActivities":0,"netBorrowings":0,"totalCashFromFinancingActivities":0,"changeToOperatingActivities":0,"netIncome":0,"changeInCash":0,"totalCashFromOperatingActivities":0,"depreciation":0,"otherCashflowsFromInvestingActivities":0,"dividendsPaid":0,"changeToInventory":0,"changeToAccountReceivables":0,"salePurchaseOfStock":0,"otherCashflowsFromFinancingActivities":0,"changeToNetincome":0,"capitalExpenditures":0},"yearly_last_0":{"date":"2017-12-31","filing_date":"0000-00-00","investments":"27913000.00","changeToLiabilities":"-1470000.00","totalCashflowsFromInvestingActivities":"48362000.00","netBorrowings":"49071000.00","totalCashFromFinancingActivities":"-135488000.00","changeToOperatingActivities":"1317000.00","netIncome":"101209000.00","changeInCash":"90670000.00","totalCashFromOperatingActivities":"177796000.00","depreciation":"95914000.00","otherCashflowsFromInvestingActivities":"102113000.00","dividendsPaid":"-152907000.00","changeToInventory":"-42000.00","changeToAccountReceivables":"3927000.00","salePurchaseOfStock":"88000.00","otherCashflowsFromFinancingActivities":null,"changeToNetincome":"-23059000.00","capitalExpenditures":"-81664000.00"},"yearly_last_1":{"date":"2016-12-31","filing_date":"0000-00-00","investments":"4922000.00","changeToLiabilities":"-10364000.00","totalCashflowsFromInvestingActivities":"39399000.00","netBorrowings":"-104200000.00","totalCashFromFinancingActivities":"-277265000.00","changeToOperatingActivities":"2181000.00","netIncome":"146406000.00","changeInCash":"-7793000.00","totalCashFromOperatingActivities":"230073000.00","depreciation":"103941000.00","otherCashflowsFromInvestingActivities":"222619000.00","dividendsPaid":"-168289000.00","changeToInventory":"-27000.00","changeToAccountReceivables":"6085000.00","salePurchaseOfStock":"323000.00","otherCashflowsFromFinancingActivities":null,"changeToNetincome":"-18149000.00","capitalExpenditures":"-188142000.00"},"yearly_last_2":{"date":"2015-12-31","filing_date":"0000-00-00","investments":"310687000.00","changeToLiabilities":"1071000.00","totalCashflowsFromInvestingActivities":"-205782000.00","netBorrowings":"135812000.00","totalCashFromFinancingActivities":"-33262000.00","changeToOperatingActivities":"-715000.00","netIncome":"200832000.00","changeInCash":"19357000.00","totalCashFromOperatingActivities":"258401000.00","depreciation":"87789000.00","otherCashflowsFromInvestingActivities":"-19808000.00","dividendsPaid":"-162594000.00","changeToInventory":"-2529000.00","changeToAccountReceivables":"14461000.00","salePurchaseOfStock":"675000.00","otherCashflowsFromFinancingActivities":null,"changeToNetincome":"-42508000.00","capitalExpenditures":"-496661000.00"},"yearly_last_3":{"date":"2014-12-31","filing_date":"0000-00-00","investments":"85243000.00","changeToLiabilities":"6810000.00","totalCashflowsFromInvestingActivities":"-21940000.00","netBorrowings":"41587000.00","totalCashFromFinancingActivities":"-118284000.00","changeToOperatingActivities":"-1104000.00","netIncome":"122815000.00","changeInCash":"-7823000.00","totalCashFromOperatingActivities":"132401000.00","depreciation":"76761000.00","otherCashflowsFromInvestingActivities":"288014000.00","dividendsPaid":"-152142000.00","changeToInventory":"-320000.00","changeToAccountReceivables":"-24943000.00","salePurchaseOfStock":"-269000.00","otherCashflowsFromFinancingActivities":null,"changeToNetincome":"-47618000.00","capitalExpenditures":"-395197000.00"}},"Income_Statement":{"currency_symbol":"","quarterly_last_0":{"date":"0000-00-00","filing_date":"0000-00-00","researchDevelopment":0,"effectOfAccountingCharges":0,"incomeBeforeTax":0,"minorityInterest":0,"netIncome":0,"sellingGeneralAdministrative":0,"grossProfit":0,"ebit":0,"operatingIncome":0,"otherOperatingExpenses":0,"interestExpense":0,"extraordinaryItems":0,"nonRecurring":0,"otherItems":0,"incomeTaxExpense":0,"totalRevenue":0,"totalOperatingExpenses":0,"costOfRevenue":0,"totalOtherIncomeExpenseNet":0,"discontinuedOperations":0,"netIncomeFromContinuingOps":0,"netIncomeApplicableToCommonShares":0},"quarterly_last_1":{"date":"0000-00-00","filing_date":"0000-00-00","researchDevelopment":0,"effectOfAccountingCharges":0,"incomeBeforeTax":0,"minorityInterest":0,"netIncome":0,"sellingGeneralAdministrative":0,"grossProfit":0,"ebit":0,"operatingIncome":0,"otherOperatingExpenses":0,"interestExpense":0,"extraordinaryItems":0,"nonRecurring":0,"otherItems":0,"incomeTaxExpense":0,"totalRevenue":0,"totalOperatingExpenses":0,"costOfRevenue":0,"totalOtherIncomeExpenseNet":0,"discontinuedOperations":0,"netIncomeFromContinuingOps":0,"netIncomeApplicableToCommonShares":0},"quarterly_last_2":{"date":"0000-00-00","filing_date":"0000-00-00","researchDevelopment":0,"effectOfAccountingCharges":0,"incomeBeforeTax":0,"minorityInterest":0,"netIncome":0,"sellingGeneralAdministrative":0,"grossProfit":0,"ebit":0,"operatingIncome":0,"otherOperatingExpenses":0,"interestExpense":0,"extraordinaryItems":0,"nonRecurring":0,"otherItems":0,"incomeTaxExpense":0,"totalRevenue":0,"totalOperatingExpenses":0,"costOfRevenue":0,"totalOtherIncomeExpenseNet":0,"discontinuedOperations":0,"netIncomeFromContinuingOps":0,"netIncomeApplicableToCommonShares":0},"quarterly_last_3":{"date":"0000-00-00","filing_date":"0000-00-00","researchDevelopment":0,"effectOfAccountingCharges":0,"incomeBeforeTax":0,"minorityInterest":0,"netIncome":0,"sellingGeneralAdministrative":0,"grossProfit":0,"ebit":0,"operatingIncome":0,"otherOperatingExpenses":0,"interestExpense":0,"extraordinaryItems":0,"nonRecurring":0,"otherItems":0,"incomeTaxExpense":0,"totalRevenue":0,"totalOperatingExpenses":0,"costOfRevenue":0,"totalOtherIncomeExpenseNet":0,"discontinuedOperations":0,"netIncomeFromContinuingOps":0,"netIncomeApplicableToCommonShares":0},"yearly_last_0":{"date":"2017-12-31","filing_date":"0000-00-00","researchDevelopment":null,"effectOfAccountingCharges":null,"incomeBeforeTax":"78567000.00","minorityInterest":null,"netIncome":"101209000.00","sellingGeneralAdministrative":"7432000.00","grossProfit":"249084000.00","ebit":"168981000.00","operatingIncome":"154626000.00","otherOperatingExpenses":"88150000.00","interestExpense":"90414000.00","extraordinaryItems":null,"nonRecurring":null,"otherItems":null,"incomeTaxExpense":"0.00","totalRevenue":"380878000.00","totalOperatingExpenses":"0.00","costOfRevenue":"131794000.00","totalOtherIncomeExpenseNet":"14355000.00","discontinuedOperations":null,"netIncomeFromContinuingOps":"102333000.00","netIncomeApplicableToCommonShares":"101209000.00"},"yearly_last_1":{"date":"2016-12-31","filing_date":"0000-00-00","researchDevelopment":null,"effectOfAccountingCharges":null,"incomeBeforeTax":"118474000.00","minorityInterest":null,"netIncome":"146406000.00","sellingGeneralAdministrative":"9072000.00","grossProfit":"276935000.00","ebit":"190317000.00","operatingIncome":"168089000.00","otherOperatingExpenses":"94293000.00","interestExpense":"71843000.00","extraordinaryItems":null,"nonRecurring":"5314000.00","otherItems":null,"incomeTaxExpense":"0.00","totalRevenue":"412951000.00","totalOperatingExpenses":"0.00","costOfRevenue":"136016000.00","totalOtherIncomeExpenseNet":"22228000.00","discontinuedOperations":null,"netIncomeFromContinuingOps":"146239000.00","netIncomeApplicableToCommonShares":"146406000.00"},"yearly_last_2":{"date":"2015-12-31","filing_date":"0000-00-00","researchDevelopment":null,"effectOfAccountingCharges":null,"incomeBeforeTax":"174591000.00","minorityInterest":null,"netIncome":"200832000.00","sellingGeneralAdministrative":"6737000.00","grossProfit":"285909000.00","ebit":"245174000.00","operatingIncome":"166046000.00","otherOperatingExpenses":"78080000.00","interestExpense":"70583000.00","extraordinaryItems":null,"nonRecurring":"42410000.00","otherItems":null,"incomeTaxExpense":"0.00","totalRevenue":"406740000.00","totalOperatingExpenses":"0.00","costOfRevenue":"120831000.00","totalOtherIncomeExpenseNet":"79128000.00","discontinuedOperations":null,"netIncomeFromContinuingOps":"208196000.00","netIncomeApplicableToCommonShares":"200832000.00"},"yearly_last_3":{"date":"2014-12-31","filing_date":"0000-00-00","researchDevelopment":null,"effectOfAccountingCharges":null,"incomeBeforeTax":"113249000.00","minorityInterest":null,"netIncome":"122815000.00","sellingGeneralAdministrative":"7609000.00","grossProfit":"208017000.00","ebit":"199330000.00","operatingIncome":"145146000.00","otherOperatingExpenses":"67393000.00","interestExpense":"86081000.00","extraordinaryItems":null,"nonRecurring":"11800000.00","otherItems":null,"incomeTaxExpense":"0.00","totalRevenue":"327487000.00","totalOperatingExpenses":"0.00","costOfRevenue":"119470000.00","totalOtherIncomeExpenseNet":"54184000.00","discontinuedOperations":null,"netIncomeFromContinuingOps":"146746000.00","netIncomeApplicableToCommonShares":"122815000.00"}}}},"5":{"General":{"Code":"NNW","Type":"Common Stock","Name":"Naspers Limited","Exchange":"F","CurrencyCode":"EUR","CurrencyName":"Euro","CurrencySymbol":"\u20ac","CountryName":"Germany","CountryISO":"DE","ISIN":null,"Sector":"Technology","Industry":"Internet Content & Information","Description":"Naspers Limited operates in consumer Internet industry worldwide. The company builds various companies that empower people and enrich communities. It operates various Internet platforms to provide various services and products, including e-commerce, communication, social networks, entertainment, and mobile value-added services; and social platforms. The company also prints, publishes, and distributes newspapers, magazines, and books. Naspers Limited was founded in 1915 and is headquartered in Cape Town, South Africa.","FullTimeEmployees":20196,"UpdatedAt":"2019-09-24"},"Highlights":{"MarketCapitalization":60041150464,"MarketCapitalizationMln":"60041.1505","EBITDA":-415000000,"PERatio":"8.9930","PEGRatio":"0.0000","WallStreetTargetPrice":null,"BookValue":"64.7820","DividendShare":"0.4400","DividendYield":"0.0029","EarningsShare":"15.7900","EPSEstimateCurrentYear":null,"EPSEstimateNextYear":null,"EPSEstimateNextQuarter":null,"MostRecentQuarter":"2019-03-31","ProfitMargin":"2.0969","OperatingMarginTTM":"-0.1705","ReturnOnAssetsTTM":"-0.0101","ReturnOnEquityTTM":"0.1547","RevenueTTM":"3291000064.00","RevenuePerShareTTM":"7.6150","QuarterlyRevenueGrowthYOY":null,"GrossProfitTTM":"1187000000.00","DilutedEpsTTM":"15.7900","QuarterlyEarningsGrowthYOY":null},"Valuation":{"TrailingPE":"8.9930","ForwardPE":null,"PriceSalesTTM":null,"PriceBookMRQ":"2.1920","EnterpriseValueRevenue":"18.4640","EnterpriseValueEbitda":"-146.4190"},"Technicals":{"Beta":"1.2153","52WeekHigh":"217.0000","52WeekLow":"93.2141","50DayMA":"139.8645","200DayMA":"140.7071","SharesShort":null,"SharesShortPriorMonth":null,"ShortRatio":null,"ShortPercent":null},"SplitsDividends":{"ForwardAnnualDividendRate":"0.4400","ForwardAnnualDividendYield":"0.0029","PayoutRatio":"0.0481","DividendDate":"0000-00-00","ExDividendDate":"2019-09-11","LastSplitFactor":"1\/2","LastSplitDate":"2019-09-11"},"Earnings":{"Last_0":{"date":"2017-12-31","epsActual":0,"epsEstimate":null,"epsDifference":null,"surprisePercent":null},"Last_1":{"date":"0000-00-00","epsActual":0,"epsEstimate":0,"epsDifference":0,"surprisePercent":0},"Last_2":{"date":"0000-00-00","epsActual":0,"epsEstimate":0,"epsDifference":0,"surprisePercent":0},"Last_3":{"date":"0000-00-00","epsActual":0,"epsEstimate":0,"epsDifference":0,"surprisePercent":0}},"Financials":{"Balance_Sheet":{"currency_symbol":"GBP","quarterly_last_0":{"date":"2019-03-31","filing_date":null,"intangibleAssets":"877000000.00","totalLiab":"5554000000.00","totalStockholderEquity":"27999000000.00","deferredLongTermLiab":null,"otherCurrentLiab":"781000000.00","totalAssets":"33685000000.00","commonStock":"4000000.00","otherCurrentAssets":"71000000.00","retainedEarnings":"23793000000.00","otherLiab":"695000000.00","goodWill":"2120000000.00","otherAssets":"32000000.00","cash":"2284000000.00","totalCurrentLiabilities":"1581000000.00","shortLongTermDebt":"20000000.00","otherStockholderEquity":"-739000000.00","propertyPlantEquipment":"191000000.00","totalCurrentAssets":"10552000000.00","longTermInvestments":"19913000000.00","netTangibleAssets":"25002000000.00","shortTermInvestments":"7226000000.00","netReceivables":"762000000.00","longTermDebt":"3273000000.00","inventory":"209000000.00","accountsPayable":"287000000.00"},"quarterly_last_1":{"date":"2018-12-31","filing_date":null,"intangibleAssets":"877000000.00","totalLiab":"5554000000.00","totalStockholderEquity":"27999000000.00","deferredLongTermLiab":null,"otherCurrentLiab":"781000000.00","totalAssets":"33685000000.00","commonStock":"4000000.00","otherCurrentAssets":"71000000.00","retainedEarnings":"23793000000.00","otherLiab":"695000000.00","goodWill":"2120000000.00","otherAssets":"32000000.00","cash":"2284000000.00","totalCurrentLiabilities":"1581000000.00","shortLongTermDebt":"20000000.00","otherStockholderEquity":"-739000000.00","propertyPlantEquipment":"191000000.00","totalCurrentAssets":"10552000000.00","longTermInvestments":"19913000000.00","netTangibleAssets":"25002000000.00","shortTermInvestments":"7226000000.00","netReceivables":"762000000.00","longTermDebt":"3273000000.00","inventory":"209000000.00","accountsPayable":"287000000.00"},"quarterly_last_2":{"date":"2018-09-30","filing_date":null,"intangibleAssets":"894000000.00","totalLiab":"8831000000.00","totalStockholderEquity":"26816000000.00","deferredLongTermLiab":null,"otherCurrentLiab":"2373000000.00","totalAssets":"35764000000.00","commonStock":"4908000000.00","otherCurrentAssets":"2993000000.00","retainedEarnings":"24300000000.00","otherLiab":"695000000.00","goodWill":"2115000000.00","otherAssets":"73000000.00","cash":"3388000000.00","totalCurrentLiabilities":"4817000000.00","shortLongTermDebt":"31000000.00","otherStockholderEquity":"-2392000000.00","propertyPlantEquipment":"173000000.00","totalCurrentAssets":"15921000000.00","longTermInvestments":"16588000000.00","netTangibleAssets":"23807000000.00","shortTermInvestments":"8591000000.00","netReceivables":"748000000.00","longTermDebt":"3314000000.00","inventory":"201000000.00","accountsPayable":"248000000.00"},"quarterly_last_3":{"date":"2018-06-30","filing_date":null,"intangibleAssets":"894000000.00","totalLiab":"8831000000.00","totalStockholderEquity":"26816000000.00","deferredLongTermLiab":null,"otherCurrentLiab":"2373000000.00","totalAssets":"35764000000.00","commonStock":"4908000000.00","otherCurrentAssets":"2993000000.00","retainedEarnings":"24300000000.00","otherLiab":"695000000.00","goodWill":"2115000000.00","otherAssets":"73000000.00","cash":"3388000000.00","totalCurrentLiabilities":"4817000000.00","shortLongTermDebt":"31000000.00","otherStockholderEquity":"-2392000000.00","propertyPlantEquipment":"173000000.00","totalCurrentAssets":"15921000000.00","longTermInvestments":"16588000000.00","netTangibleAssets":"23807000000.00","shortTermInvestments":"8591000000.00","netReceivables":"748000000.00","longTermDebt":"3314000000.00","inventory":"201000000.00","accountsPayable":"248000000.00"},"yearly_last_0":{"date":"2019-03-31","filing_date":null,"intangibleAssets":"877000000.00","totalLiab":"5554000000.00","totalStockholderEquity":"27999000000.00","deferredLongTermLiab":null,"otherCurrentLiab":"781000000.00","totalAssets":"33685000000.00","commonStock":"4000000.00","otherCurrentAssets":"71000000.00","retainedEarnings":"23793000000.00","otherLiab":"695000000.00","goodWill":"2120000000.00","otherAssets":"32000000.00","cash":"2284000000.00","totalCurrentLiabilities":"1581000000.00","shortLongTermDebt":"20000000.00","otherStockholderEquity":"-739000000.00","propertyPlantEquipment":"191000000.00","totalCurrentAssets":"10552000000.00","longTermInvestments":"19913000000.00","netTangibleAssets":"25002000000.00","shortTermInvestments":"7226000000.00","netReceivables":"762000000.00","longTermDebt":"3273000000.00","inventory":"209000000.00","accountsPayable":"287000000.00"},"yearly_last_1":{"date":"2018-03-31","filing_date":null,"intangibleAssets":"1143000000.00","totalLiab":"9759000000.00","totalStockholderEquity":"25523000000.00","deferredLongTermLiab":null,"otherCurrentLiab":"2351000000.00","totalAssets":"35451000000.00","commonStock":"4000000.00","otherCurrentAssets":"251000000.00","retainedEarnings":"20133000000.00","otherLiab":"1199000000.00","goodWill":"2607000000.00","otherAssets":"166000000.00","cash":"11369000000.00","totalCurrentLiabilities":"4136000000.00","shortLongTermDebt":"209000000.00","otherStockholderEquity":"425000000.00","propertyPlantEquipment":"1638000000.00","totalCurrentAssets":"13065000000.00","longTermInvestments":"16832000000.00","netTangibleAssets":"21773000000.00","shortTermInvestments":null,"netReceivables":"1214000000.00","longTermDebt":"3338000000.00","inventory":"231000000.00","accountsPayable":"564000000.00"},"yearly_last_2":{"date":"2017-03-31","filing_date":null,"intangibleAssets":"1104000000.00","totalLiab":"8788000000.00","totalStockholderEquity":"12856000000.00","deferredLongTermLiab":null,"otherCurrentLiab":"1197000000.00","totalAssets":"21930000000.00","commonStock":"4000000.00","otherCurrentAssets":"602000000.00","retainedEarnings":"8912000000.00","otherLiab":"2005000000.00","goodWill":"2442000000.00","otherAssets":"186000000.00","cash":"4007000000.00","totalCurrentLiabilities":"3439000000.00","shortLongTermDebt":"857000000.00","otherStockholderEquity":"-1000000000.00","propertyPlantEquipment":"1638000000.00","totalCurrentAssets":"5639000000.00","longTermInvestments":"10921000000.00","netTangibleAssets":"9310000000.00","shortTermInvestments":null,"netReceivables":"876000000.00","longTermDebt":"2202000000.00","inventory":"154000000.00","accountsPayable":"487000000.00"},"yearly_last_3":{"date":"2016-03-31","filing_date":null,"intangibleAssets":"1190000000.00","totalLiab":"6069000000.00","totalStockholderEquity":"10254000000.00","deferredLongTermLiab":null,"otherCurrentLiab":"580000000.00","totalAssets":"16723000000.00","commonStock":"4000000.00","otherCurrentAssets":"445000000.00","retainedEarnings":"6110000000.00","otherLiab":"317000000.00","goodWill":"2818000000.00","otherAssets":"152000000.00","cash":"1714000000.00","totalCurrentLiabilities":"2046000000.00","shortLongTermDebt":"171000000.00","otherStockholderEquity":"-821000000.00","propertyPlantEquipment":"1443000000.00","totalCurrentAssets":"3237000000.00","longTermInvestments":"7883000000.00","netTangibleAssets":"6246000000.00","shortTermInvestments":null,"netReceivables":"884000000.00","longTermDebt":"2935000000.00","inventory":"194000000.00","accountsPayable":"437000000.00"}},"Cash_Flow":{"currency_symbol":"GBP","quarterly_last_0":{"date":"2019-03-31","filing_date":null,"investments":null,"changeToLiabilities":"0.00","totalCashflowsFromInvestingActivities":null,"netBorrowings":null,"totalCashFromFinancingActivities":null,"changeToOperatingActivities":null,"netIncome":"0.00","changeInCash":null,"totalCashFromOperatingActivities":null,"depreciation":null,"otherCashflowsFromInvestingActivities":null,"dividendsPaid":null,"changeToInventory":null,"changeToAccountReceivables":null,"salePurchaseOfStock":null,"otherCashflowsFromFinancingActivities":null,"changeToNetincome":null,"capitalExpenditures":null},"quarterly_last_1":{"date":"2018-12-31","filing_date":null,"investments":null,"changeToLiabilities":"0.00","totalCashflowsFromInvestingActivities":null,"netBorrowings":null,"totalCashFromFinancingActivities":null,"changeToOperatingActivities":null,"netIncome":"0.00","changeInCash":null,"totalCashFromOperatingActivities":null,"depreciation":null,"otherCashflowsFromInvestingActivities":null,"dividendsPaid":null,"changeToInventory":null,"changeToAccountReceivables":null,"salePurchaseOfStock":null,"otherCashflowsFromFinancingActivities":null,"changeToNetincome":null,"capitalExpenditures":null},"quarterly_last_2":{"date":"2018-09-30","filing_date":null,"investments":"-4311500000.00","changeToLiabilities":"0.00","totalCashflowsFromInvestingActivities":"-3539500000.00","netBorrowings":"13500000.00","totalCashFromFinancingActivities":"-427500000.00","changeToOperatingActivities":null,"netIncome":"1711000000.00","changeInCash":"-3990500000.00","totalCashFromOperatingActivities":"185000000.00","depreciation":"78000000.00","otherCashflowsFromInvestingActivities":null,"dividendsPaid":"-156500000.00","changeToInventory":null,"changeToAccountReceivables":null,"salePurchaseOfStock":null,"otherCashflowsFromFinancingActivities":"-284500000.00","changeToNetincome":"-1613000000.00","capitalExpenditures":"38500000.00"},"quarterly_last_3":{"date":"2018-06-30","filing_date":null,"investments":"-4311500000.00","changeToLiabilities":"0.00","totalCashflowsFromInvestingActivities":"-3539500000.00","netBorrowings":"13500000.00","totalCashFromFinancingActivities":"-427500000.00","changeToOperatingActivities":null,"netIncome":"1711000000.00","changeInCash":"-3990500000.00","totalCashFromOperatingActivities":"185000000.00","depreciation":"78000000.00","otherCashflowsFromInvestingActivities":null,"dividendsPaid":"-156500000.00","changeToInventory":null,"changeToAccountReceivables":null,"salePurchaseOfStock":null,"otherCashflowsFromFinancingActivities":"-284500000.00","changeToNetincome":"-1613000000.00","capitalExpenditures":"38500000.00"},"yearly_last_0":{"date":"2019-03-31","filing_date":null,"investments":"-6562000000.00","changeToLiabilities":"52000000.00","totalCashflowsFromInvestingActivities":"-7326000000.00","netBorrowings":"-48000000.00","totalCashFromFinancingActivities":"-2043000000.00","changeToOperatingActivities":"-24000000.00","netIncome":"6901000000.00","changeInCash":"-9092000000.00","totalCashFromOperatingActivities":"410000000.00","depreciation":"146000000.00","otherCashflowsFromInvestingActivities":null,"dividendsPaid":"-199000000.00","changeToInventory":"-84000000.00","changeToAccountReceivables":"-16000000.00","salePurchaseOfStock":null,"otherCashflowsFromFinancingActivities":"-1796000000.00","changeToNetincome":"-6565000000.00","capitalExpenditures":"136000000.00"},"yearly_last_1":{"date":"2018-03-31","filing_date":"0000-00-00","investments":"7967000000.00","changeToLiabilities":"17000000.00","totalCashflowsFromInvestingActivities":"7853000000.00","netBorrowings":"245000000.00","totalCashFromFinancingActivities":"-388000000.00","changeToOperatingActivities":"-25000000.00","netIncome":"11358000000.00","changeInCash":"7365000000.00","totalCashFromOperatingActivities":"-158000000.00","depreciation":"142000000.00","otherCashflowsFromInvestingActivities":null,"dividendsPaid":"-185000000.00","changeToInventory":"-68000000.00","changeToAccountReceivables":"-204000000.00","salePurchaseOfStock":null,"otherCashflowsFromFinancingActivities":"-448000000.00","changeToNetincome":"-11378000000.00","capitalExpenditures":"133000000.00"},"yearly_last_2":{"date":"2017-03-31","filing_date":"0000-00-00","investments":"-256000000.00","changeToLiabilities":"188000000.00","totalCashflowsFromInvestingActivities":"2814000000.00","netBorrowings":"-78000000.00","totalCashFromFinancingActivities":"-411000000.00","changeToOperatingActivities":"-11000000.00","netIncome":"2337000000.00","changeInCash":"2290000000.00","totalCashFromOperatingActivities":"-40000000.00","depreciation":"313000000.00","otherCashflowsFromInvestingActivities":null,"dividendsPaid":"-163000000.00","changeToInventory":"2000000.00","changeToAccountReceivables":"-38000000.00","salePurchaseOfStock":null,"otherCashflowsFromFinancingActivities":"-170000000.00","changeToNetincome":"-2860000000.00","capitalExpenditures":"152000000.00"},"yearly_last_3":{"date":"2016-03-31","filing_date":"0000-00-00","investments":"-209000000.00","changeToLiabilities":"163000000.00","totalCashflowsFromInvestingActivities":"-1384000000.00","netBorrowings":"-325000000.00","totalCashFromFinancingActivities":"1892000000.00","changeToOperatingActivities":"-37000000.00","netIncome":"994000000.00","changeInCash":"513000000.00","totalCashFromOperatingActivities":"78000000.00","depreciation":"253000000.00","otherCashflowsFromInvestingActivities":"2000000.00","dividendsPaid":"-140000000.00","changeToInventory":"-35000000.00","changeToAccountReceivables":"-174000000.00","salePurchaseOfStock":"2470000000.00","otherCashflowsFromFinancingActivities":"-113000000.00","changeToNetincome":"-1113000000.00","capitalExpenditures":"186000000.00"}},"Income_Statement":{"currency_symbol":"GBP","quarterly_last_0":{"date":"2019-03-31","filing_date":null,"researchDevelopment":null,"effectOfAccountingCharges":null,"incomeBeforeTax":null,"minorityInterest":"132000000.00","netIncome":null,"sellingGeneralAdministrative":null,"grossProfit":null,"ebit":null,"operatingIncome":null,"otherOperatingExpenses":null,"interestExpense":null,"extraordinaryItems":null,"nonRecurring":null,"otherItems":null,"incomeTaxExpense":null,"totalRevenue":null,"totalOperatingExpenses":null,"costOfRevenue":null,"totalOtherIncomeExpenseNet":null,"discontinuedOperations":null,"netIncomeFromContinuingOps":null,"netIncomeApplicableToCommonShares":null},"quarterly_last_1":{"date":"2018-12-31","filing_date":null,"researchDevelopment":null,"effectOfAccountingCharges":null,"incomeBeforeTax":null,"minorityInterest":"132000000.00","netIncome":null,"sellingGeneralAdministrative":null,"grossProfit":null,"ebit":null,"operatingIncome":null,"otherOperatingExpenses":null,"interestExpense":null,"extraordinaryItems":null,"nonRecurring":null,"otherItems":null,"incomeTaxExpense":null,"totalRevenue":null,"totalOperatingExpenses":null,"costOfRevenue":null,"totalOtherIncomeExpenseNet":null,"discontinuedOperations":null,"netIncomeFromContinuingOps":null,"netIncomeApplicableToCommonShares":null},"quarterly_last_2":{"date":"2018-09-30","filing_date":null,"researchDevelopment":null,"effectOfAccountingCharges":null,"incomeBeforeTax":"1885500000.00","minorityInterest":"117000000.00","netIncome":"1711000000.00","sellingGeneralAdministrative":"642000000.00","grossProfit":"681500000.00","ebit":"23500000.00","operatingIncome":"23500000.00","otherOperatingExpenses":"16000000.00","interestExpense":"-71000000.00","extraordinaryItems":null,"nonRecurring":null,"otherItems":null,"incomeTaxExpense":"158500000.00","totalRevenue":"1672000000.00","totalOperatingExpenses":"1648500000.00","costOfRevenue":"990500000.00","totalOtherIncomeExpenseNet":"1862000000.00","discontinuedOperations":null,"netIncomeFromContinuingOps":"1727000000.00","netIncomeApplicableToCommonShares":"1711000000.00"},"quarterly_last_3":{"date":"2018-06-30","filing_date":null,"researchDevelopment":null,"effectOfAccountingCharges":null,"incomeBeforeTax":"1885500000.00","minorityInterest":"117000000.00","netIncome":"1711000000.00","sellingGeneralAdministrative":"642000000.00","grossProfit":"681500000.00","ebit":"23500000.00","operatingIncome":"23500000.00","otherOperatingExpenses":"16000000.00","interestExpense":"-71000000.00","extraordinaryItems":null,"nonRecurring":null,"otherItems":null,"incomeTaxExpense":"158500000.00","totalRevenue":"1672000000.00","totalOperatingExpenses":"1648500000.00","costOfRevenue":"990500000.00","totalOtherIncomeExpenseNet":"1862000000.00","discontinuedOperations":null,"netIncomeFromContinuingOps":"1727000000.00","netIncomeApplicableToCommonShares":"1711000000.00"},"yearly_last_0":{"date":"2019-03-31","filing_date":null,"researchDevelopment":null,"effectOfAccountingCharges":null,"incomeBeforeTax":"4391000000.00","minorityInterest":"132000000.00","netIncome":"6901000000.00","sellingGeneralAdministrative":"1716000000.00","grossProfit":"1187000000.00","ebit":"-561000000.00","operatingIncome":"-561000000.00","otherOperatingExpenses":"32000000.00","interestExpense":"-205000000.00","extraordinaryItems":null,"nonRecurring":null,"otherItems":null,"incomeTaxExpense":"229000000.00","totalRevenue":"3291000000.00","totalOperatingExpenses":"3852000000.00","costOfRevenue":"2104000000.00","totalOtherIncomeExpenseNet":"4952000000.00","discontinuedOperations":"2759000000.00","netIncomeFromContinuingOps":"4162000000.00","netIncomeApplicableToCommonShares":"6901000000.00"},"yearly_last_1":{"date":"2018-03-31","filing_date":"0000-00-00","researchDevelopment":null,"effectOfAccountingCharges":null,"incomeBeforeTax":"11179000000.00","minorityInterest":"169000000.00","netIncome":"11358000000.00","sellingGeneralAdministrative":"1728000000.00","grossProfit":"1101000000.00","ebit":"-633000000.00","operatingIncome":"-633000000.00","otherOperatingExpenses":"6000000.00","interestExpense":"-197000000.00","extraordinaryItems":null,"nonRecurring":null,"otherItems":null,"incomeTaxExpense":"70000000.00","totalRevenue":"2985000000.00","totalOperatingExpenses":"3618000000.00","costOfRevenue":"1884000000.00","totalOtherIncomeExpenseNet":"11812000000.00","discontinuedOperations":"190000000.00","netIncomeFromContinuingOps":"11109000000.00","netIncomeApplicableToCommonShares":"11358000000.00"},"yearly_last_2":{"date":"2017-03-31","filing_date":"0000-00-00","researchDevelopment":null,"effectOfAccountingCharges":null,"incomeBeforeTax":"2412000000.00","minorityInterest":"286000000.00","netIncome":"2337000000.00","sellingGeneralAdministrative":"2827000000.00","grossProfit":"2524000000.00","ebit":"-302000000.00","operatingIncome":"-302000000.00","otherOperatingExpenses":"-1000000.00","interestExpense":"-278000000.00","extraordinaryItems":null,"nonRecurring":null,"otherItems":null,"incomeTaxExpense":"244000000.00","totalRevenue":"6098000000.00","totalOperatingExpenses":"6400000000.00","costOfRevenue":"3574000000.00","totalOtherIncomeExpenseNet":"2714000000.00","discontinuedOperations":"190000000.00","netIncomeFromContinuingOps":"2168000000.00","netIncomeApplicableToCommonShares":"2337000000.00"},"yearly_last_3":{"date":"2016-03-31","filing_date":"0000-00-00","researchDevelopment":null,"effectOfAccountingCharges":null,"incomeBeforeTax":"1261000000.00","minorityInterest":"400000000.00","netIncome":"994000000.00","sellingGeneralAdministrative":"2423000000.00","grossProfit":"2538000000.00","ebit":"111000000.00","operatingIncome":"111000000.00","otherOperatingExpenses":"4000000.00","interestExpense":"-292000000.00","extraordinaryItems":null,"nonRecurring":null,"otherItems":null,"incomeTaxExpense":"260000000.00","totalRevenue":"5930000000.00","totalOperatingExpenses":"5819000000.00","costOfRevenue":"3392000000.00","totalOtherIncomeExpenseNet":"1150000000.00","discontinuedOperations":"190000000.00","netIncomeFromContinuingOps":"1001000000.00","netIncomeApplicableToCommonShares":"994000000.00"}}}},"6":{"General":{"Code":"TKE","Type":"Common Stock","Name":"Take-Two Interactive Software, Inc","Exchange":"F","CurrencyCode":"EUR","CurrencyName":"Euro","CurrencySymbol":"\u20ac","CountryName":"Germany","CountryISO":"DE","ISIN":null,"Sector":"Technology","Industry":"Electronic Gaming & Multimedia","Description":"Take-Two Interactive Software, Inc. develops, publishes, and markets interactive entertainment solutions for consumers worldwide. The company offers its products under the Rockstar Games and 2K labels, as well as under Private Division and Social Point labels. It develops and publishes action\/adventure products under the Grand Theft Auto, Max Payne, Midnight Club, and Red Dead Redemption names through developing sequels; and offers downloadable episodes, content and virtual currency, and releasing titles for smartphones and tablets. The company also develops brands in other genres, including the LA Noire, Bully, and Manhunt franchises. In addition, the company publishes various entertainment properties across various platforms and a range of genres, such as shooter, action, role-playing, strategy, sports, and family\/casual entertainment under the BioShock, Mafia, Sid Meier's Civilization, XCOM series, and Borderlands. Further, it publishes sports simulation titles comprising NBA 2K series, a basketball video game; the WWE 2K professional wrestling series; and the Golf Club. Additionally, the company offers free-to-play mobile games, such as Dragon City and Monster Legends. Its products are designed for console gaming systems, including Sony's PlayStation 4; Microsoft's Xbox One; the Nintendo Switch; and personal computers comprising smartphones and tablets. The company provides its products through physical retail, digital download, online platforms, and cloud streaming services. Take-Two Interactive Software, Inc. was founded in 1993 and is headquartered in New York, New York.","FullTimeEmployees":4894,"UpdatedAt":"2019-09-24"},"Highlights":{"MarketCapitalization":12763682816,"MarketCapitalizationMln":"12763.6828","EBITDA":254960000,"PERatio":"42.1002","PEGRatio":"0.0000","WallStreetTargetPrice":null,"BookValue":"19.4790","DividendShare":null,"DividendYield":"0.0000","EarningsShare":"2.6950","EPSEstimateCurrentYear":null,"EPSEstimateNextYear":null,"EPSEstimateNextQuarter":null,"MostRecentQuarter":"2019-06-30","ProfitMargin":"0.1093","OperatingMarginTTM":"0.0676","ReturnOnAssetsTTM":"0.0305","ReturnOnEquityTTM":"0.1566","RevenueTTM":"2820870912.00","RevenuePerShareTTM":"24.9420","QuarterlyRevenueGrowthYOY":"0.3930","GrossProfitTTM":"1152176000.00","DilutedEpsTTM":"2.6950","QuarterlyEarningsGrowthYOY":"-0.3380"},"Valuation":{"TrailingPE":"42.1002","ForwardPE":null,"PriceSalesTTM":null,"PriceBookMRQ":"5.8247","EnterpriseValueRevenue":"3.8540","EnterpriseValueEbitda":"42.6370"},"Technicals":{"Beta":"-0.0859","52WeekHigh":"122.0000","52WeekLow":"73.8900","50DayMA":"116.7829","200DayMA":"99.3288","SharesShort":null,"SharesShortPriorMonth":null,"ShortRatio":null,"ShortPercent":null},"SplitsDividends":{"ForwardAnnualDividendRate":null,"ForwardAnnualDividendYield":"0.0000","PayoutRatio":"0.0000","DividendDate":"0000-00-00","ExDividendDate":"0000-00-00","LastSplitFactor":"","LastSplitDate":"0000-00-00"},"Earnings":{"Last_0":{"date":"2018-06-30","epsActual":0.63,"epsEstimate":null,"epsDifference":null,"surprisePercent":null},"Last_1":{"date":"0000-00-00","epsActual":0,"epsEstimate":0,"epsDifference":0,"surprisePercent":0},"Last_2":{"date":"0000-00-00","epsActual":0,"epsEstimate":0,"epsDifference":0,"surprisePercent":0},"Last_3":{"date":"0000-00-00","epsActual":0,"epsEstimate":0,"epsDifference":0,"surprisePercent":0}},"Financials":{"Balance_Sheet":{"currency_symbol":"USD","quarterly_last_0":{"date":"2019-06-30","filing_date":null,"intangibleAssets":"701605000.00","totalLiab":"2279895000.00","totalStockholderEquity":"2086327000.00","deferredLongTermLiab":"525000.00","otherCurrentLiab":"1007346000.00","totalAssets":"4366222000.00","commonStock":"1355000.00","otherCurrentAssets":"682955000.00","retainedEarnings":"923906000.00","otherLiab":"212761000.00","goodWill":"391404000.00","otherAssets":"199059000.00","cash":"984625000.00","totalCurrentLiabilities":"1942006000.00","shortLongTermDebt":null,"otherStockholderEquity":"-43988000.00","propertyPlantEquipment":"251252000.00","totalCurrentAssets":"2821079000.00","longTermInvestments":"1823000.00","netTangibleAssets":"993318000.00","shortTermInvestments":"557653000.00","netReceivables":"414770000.00","longTermDebt":null,"inventory":"23847000.00","accountsPayable":"55379000.00"},"quarterly_last_1":{"date":"2019-03-31","filing_date":null,"intangibleAssets":"676551000.00","totalLiab":"2202485000.00","totalStockholderEquity":"2040580000.00","deferredLongTermLiab":"1028000.00","otherCurrentLiab":"1049711000.00","totalAssets":"4243065000.00","commonStock":"1346000.00","otherCurrentAssets":"646999000.00","retainedEarnings":"877626000.00","otherLiab":"250691000.00","goodWill":"381717000.00","otherAssets":"227257000.00","cash":"826525000.00","totalCurrentLiabilities":"1951794000.00","shortLongTermDebt":null,"otherStockholderEquity":"-37189000.00","propertyPlantEquipment":"127882000.00","totalCurrentAssets":"2827835000.00","longTermInvestments":"1823000.00","netTangibleAssets":"982312000.00","shortTermInvestments":"744485000.00","netReceivables":"453372000.00","longTermDebt":null,"inventory":"28200000.00","accountsPayable":"72797000.00"},"quarterly_last_2":{"date":"2018-12-31","filing_date":null,"intangibleAssets":"677400000.00","totalLiab":"2359693000.00","totalStockholderEquity":"2027467000.00","deferredLongTermLiab":"7819000.00","otherCurrentLiab":"1166729000.00","totalAssets":"4387160000.00","commonStock":"1344000.00","otherCurrentAssets":"331610000.00","retainedEarnings":"820796000.00","otherLiab":"260335000.00","goodWill":"383110000.00","otherAssets":"235382000.00","cash":"1054911000.00","totalCurrentLiabilities":"2099358000.00","shortLongTermDebt":null,"otherStockholderEquity":"-50954000.00","propertyPlantEquipment":"114672000.00","totalCurrentAssets":"2974773000.00","longTermInvestments":"1823000.00","netTangibleAssets":"966957000.00","shortTermInvestments":"545734000.00","netReceivables":"893549000.00","longTermDebt":null,"inventory":"39786000.00","accountsPayable":"74615000.00"},"quarterly_last_3":{"date":"2018-09-30","filing_date":null,"intangibleAssets":"881438000.00","totalLiab":"1710750000.00","totalStockholderEquity":"1944439000.00","deferredLongTermLiab":"489000.00","otherCurrentLiab":"815090000.00","totalAssets":"3655189000.00","commonStock":"1341000.00","otherCurrentAssets":"428927000.00","retainedEarnings":"640849000.00","otherLiab":"220961000.00","goodWill":"389816000.00","otherAssets":"79476000.00","cash":"462347000.00","totalCurrentLiabilities":"1489789000.00","shortLongTermDebt":null,"otherStockholderEquity":"-37199000.00","propertyPlantEquipment":"110900000.00","totalCurrentAssets":"2191736000.00","longTermInvestments":"1823000.00","netTangibleAssets":"673185000.00","shortTermInvestments":"562952000.00","netReceivables":"598859000.00","longTermDebt":null,"inventory":"40541000.00","accountsPayable":"77298000.00"},"yearly_last_0":{"date":"2019-03-31","filing_date":null,"intangibleAssets":"676551000.00","totalLiab":"2202485000.00","totalStockholderEquity":"2040580000.00","deferredLongTermLiab":"1028000.00","otherCurrentLiab":"1049711000.00","totalAssets":"4243065000.00","commonStock":"1346000.00","otherCurrentAssets":"646999000.00","retainedEarnings":"877626000.00","otherLiab":"250691000.00","goodWill":"381717000.00","otherAssets":"227257000.00","cash":"826525000.00","totalCurrentLiabilities":"1951794000.00","shortLongTermDebt":null,"otherStockholderEquity":"-37189000.00","propertyPlantEquipment":"127882000.00","totalCurrentAssets":"2827835000.00","longTermInvestments":"1823000.00","netTangibleAssets":"982312000.00","shortTermInvestments":"744485000.00","netReceivables":"453372000.00","longTermDebt":null,"inventory":"28200000.00","accountsPayable":"72797000.00"},"yearly_last_1":{"date":"2018-03-31","filing_date":null,"intangibleAssets":"743050000.00","totalLiab":"2248871000.00","totalStockholderEquity":"1488970000.00","deferredLongTermLiab":"26719000.00","otherCurrentLiab":"1014158000.00","totalAssets":"3737841000.00","commonStock":"1327000.00","otherCurrentAssets":"588545000.00","retainedEarnings":"73516000.00","otherLiab":"513874000.00","goodWill":"399530000.00","otherAssets":"82401000.00","cash":"808973000.00","totalCurrentLiabilities":"1726929000.00","shortLongTermDebt":"8068000.00","otherStockholderEquity":"-15732000.00","propertyPlantEquipment":"102478000.00","totalCurrentAssets":"2409177000.00","longTermInvestments":"1205000.00","netTangibleAssets":"346390000.00","shortTermInvestments":"615406000.00","netReceivables":"247649000.00","longTermDebt":"8068000.00","inventory":"15162000.00","accountsPayable":"35029000.00"},"yearly_last_2":{"date":"2017-03-31","filing_date":null,"intangibleAssets":"492172000.00","totalLiab":"2145426000.00","totalStockholderEquity":"1003728000.00","deferredLongTermLiab":"10406000.00","otherCurrentLiab":"1095994000.00","totalAssets":"3149154000.00","commonStock":"1198000.00","otherCurrentAssets":"507442000.00","retainedEarnings":"-99694000.00","otherLiab":"207605000.00","goodWill":"359115000.00","otherAssets":"34755000.00","cash":"943396000.00","totalCurrentLiabilities":"1685892000.00","shortLongTermDebt":"251929000.00","otherStockholderEquity":"-47142000.00","propertyPlantEquipment":"67300000.00","totalCurrentAssets":"2195242000.00","longTermInvestments":"570000.00","netTangibleAssets":"152441000.00","shortTermInvestments":"448932000.00","netReceivables":"219558000.00","longTermDebt":"251929000.00","inventory":"16323000.00","accountsPayable":"31892000.00"},"yearly_last_3":{"date":"2016-03-31","filing_date":null,"intangibleAssets":"219440000.00","totalLiab":"2008892000.00","totalStockholderEquity":"581385000.00","deferredLongTermLiab":"17915000.00","otherCurrentLiab":"720614000.00","totalAssets":"2590277000.00","commonStock":"1038000.00","otherCurrentAssets":"538030000.00","retainedEarnings":"-166997000.00","otherLiab":"290546000.00","goodWill":"217080000.00","otherAssets":"31354000.00","cash":"798742000.00","totalCurrentLiabilities":"1220411000.00","shortLongTermDebt":"497935000.00","otherStockholderEquity":"-37896000.00","propertyPlantEquipment":"77127000.00","totalCurrentAssets":"2045276000.00","longTermInvestments":null,"netTangibleAssets":"144865000.00","shortTermInvestments":"470820000.00","netReceivables":"168527000.00","longTermDebt":"497935000.00","inventory":"15888000.00","accountsPayable":"30448000.00"}},"Cash_Flow":{"currency_symbol":"USD","quarterly_last_0":{"date":"2019-06-30","filing_date":null,"investments":"185479000.00","changeToLiabilities":"80710000.00","totalCashflowsFromInvestingActivities":"166793000.00","netBorrowings":null,"totalCashFromFinancingActivities":"-52118000.00","changeToOperatingActivities":"-172470000.00","netIncome":"46280000.00","changeInCash":"220009000.00","totalCashFromOperatingActivities":"108535000.00","depreciation":"16694000.00","otherCashflowsFromInvestingActivities":null,"dividendsPaid":null,"changeToInventory":"4029000.00","changeToAccountReceivables":"44041000.00","salePurchaseOfStock":null,"otherCashflowsFromFinancingActivities":null,"changeToNetincome":"58753000.00","capitalExpenditures":"9971000.00"},"quarterly_last_1":{"date":"2019-03-31","filing_date":null,"investments":"-197531000.00","changeToLiabilities":"-116151000.00","totalCashflowsFromInvestingActivities":"-245854000.00","netBorrowings":null,"totalCashFromFinancingActivities":"-115456000.00","changeToOperatingActivities":"-169604000.00","netIncome":"56830000.00","changeInCash":"96491000.00","totalCashFromOperatingActivities":"453316000.00","depreciation":"17051000.00","otherCashflowsFromInvestingActivities":null,"dividendsPaid":null,"changeToInventory":"11949000.00","changeToAccountReceivables":"427906000.00","salePurchaseOfStock":null,"otherCashflowsFromFinancingActivities":null,"changeToNetincome":"183560000.00","capitalExpenditures":"23323000.00"},"quarterly_last_2":{"date":"2018-12-31","filing_date":null,"investments":"17091000.00","changeToLiabilities":"637749000.00","totalCashflowsFromInvestingActivities":"2589000.00","netBorrowings":null,"totalCashFromFinancingActivities":"-130762000.00","changeToOperatingActivities":"-205087000.00","netIncome":"179948000.00","changeInCash":"462401000.00","totalCashFromOperatingActivities":"596234000.00","depreciation":"15529000.00","otherCashflowsFromInvestingActivities":null,"dividendsPaid":null,"changeToInventory":"-427000.00","changeToAccountReceivables":"-292745000.00","salePurchaseOfStock":null,"otherCashflowsFromFinancingActivities":null,"changeToNetincome":"128740000.00","capitalExpenditures":"14502000.00"},"quarterly_last_3":{"date":"2018-09-30","filing_date":null,"investments":"74542000.00","changeToLiabilities":"108939000.00","totalCashflowsFromInvestingActivities":"59687000.00","netBorrowings":null,"totalCashFromFinancingActivities":"-5564000.00","changeToOperatingActivities":"-65104000.00","netIncome":"25367000.00","changeInCash":"-141090000.00","totalCashFromOperatingActivities":"-194852000.00","depreciation":"15034000.00","otherCashflowsFromInvestingActivities":null,"dividendsPaid":null,"changeToInventory":"-29617000.00","changeToAccountReceivables":"-294591000.00","salePurchaseOfStock":null,"otherCashflowsFromFinancingActivities":null,"changeToNetincome":"31709000.00","capitalExpenditures":"14855000.00"},"yearly_last_0":{"date":"2019-03-31","filing_date":null,"investments":"-128458000.00","changeToLiabilities":"505865000.00","totalCashflowsFromInvestingActivities":"-223576000.00","netBorrowings":null,"totalCashFromFinancingActivities":"-463685000.00","changeToOperatingActivities":"-507513000.00","netIncome":"333837000.00","changeInCash":"145615000.00","totalCashFromOperatingActivities":"843515000.00","depreciation":"63605000.00","otherCashflowsFromInvestingActivities":null,"dividendsPaid":null,"changeToInventory":"-14403000.00","changeToAccountReceivables":"-98075000.00","salePurchaseOfStock":null,"otherCashflowsFromFinancingActivities":null,"changeToNetincome":"365504000.00","capitalExpenditures":"66969000.00"},"yearly_last_1":{"date":"2018-03-31","filing_date":"0000-00-00","investments":"-174904000.00","changeToLiabilities":"397130000.00","totalCashflowsFromInvestingActivities":"-271827000.00","netBorrowings":null,"totalCashFromFinancingActivities":"-281467000.00","changeToOperatingActivities":"-311772000.00","netIncome":"173533000.00","changeInCash":"-34843000.00","totalCashFromOperatingActivities":"493527000.00","depreciation":"67032000.00","otherCashflowsFromInvestingActivities":"-76284000.00","dividendsPaid":null,"changeToInventory":"3917000.00","changeToAccountReceivables":"-26998000.00","salePurchaseOfStock":"-154792000.00","otherCashflowsFromFinancingActivities":"-13791000.00","changeToNetincome":"97618000.00","capitalExpenditures":"87522000.00"},"yearly_last_2":{"date":"2017-03-31","filing_date":"0000-00-00","investments":"22806000.00","changeToLiabilities":"315629000.00","totalCashflowsFromInvestingActivities":"-129030000.00","netBorrowings":null,"totalCashFromFinancingActivities":"-49772000.00","changeToOperatingActivities":"-290075000.00","netIncome":"67303000.00","changeInCash":"221303000.00","totalCashFromOperatingActivities":"407903000.00","depreciation":"37445000.00","otherCashflowsFromInvestingActivities":"-41593000.00","dividendsPaid":null,"changeToInventory":"-4942000.00","changeToAccountReceivables":"-41956000.00","salePurchaseOfStock":"-154792000.00","otherCashflowsFromFinancingActivities":"1990000.00","changeToNetincome":"100305000.00","capitalExpenditures":"21167000.00"},"yearly_last_3":{"date":"2016-03-31","filing_date":"0000-00-00","investments":"-286887000.00","changeToLiabilities":"322487000.00","totalCashflowsFromInvestingActivities":"-324516000.00","netBorrowings":null,"totalCashFromFinancingActivities":"-48047000.00","changeToOperatingActivities":"-364124000.00","netIncome":"-8302000.00","changeInCash":"-112378000.00","totalCashFromOperatingActivities":"261305000.00","depreciation":"28960000.00","otherCashflowsFromInvestingActivities":"-349000.00","dividendsPaid":null,"changeToInventory":"3809000.00","changeToAccountReceivables":"49348000.00","salePurchaseOfStock":"-26552000.00","otherCashflowsFromFinancingActivities":"1421000.00","changeToNetincome":"92302000.00","capitalExpenditures":"37280000.00"}},"Income_Statement":{"currency_symbol":"USD","quarterly_last_0":{"date":"2019-06-30","filing_date":null,"researchDevelopment":"68963000.00","effectOfAccountingCharges":null,"incomeBeforeTax":"62155000.00","minorityInterest":null,"netIncome":"46280000.00","sellingGeneralAdministrative":"166654000.00","grossProfit":"298990000.00","ebit":"52116000.00","operatingIncome":"52116000.00","otherOperatingExpenses":null,"interestExpense":"-82000.00","extraordinaryItems":null,"nonRecurring":null,"otherItems":null,"incomeTaxExpense":"15875000.00","totalRevenue":"540459000.00","totalOperatingExpenses":"488343000.00","costOfRevenue":"241469000.00","totalOtherIncomeExpenseNet":"10039000.00","discontinuedOperations":null,"netIncomeFromContinuingOps":"46280000.00","netIncomeApplicableToCommonShares":"46280000.00"},"quarterly_last_1":{"date":"2019-03-31","filing_date":null,"researchDevelopment":"56588000.00","effectOfAccountingCharges":null,"incomeBeforeTax":"64528000.00","minorityInterest":null,"netIncome":"56830000.00","sellingGeneralAdministrative":"153148000.00","grossProfit":"280093000.00","ebit":"59276000.00","operatingIncome":"59276000.00","otherOperatingExpenses":null,"interestExpense":"-7605000.00","extraordinaryItems":null,"nonRecurring":null,"otherItems":null,"incomeTaxExpense":"7698000.00","totalRevenue":"539007000.00","totalOperatingExpenses":"479731000.00","costOfRevenue":"258914000.00","totalOtherIncomeExpenseNet":"5252000.00","discontinuedOperations":null,"netIncomeFromContinuingOps":"56830000.00","netIncomeApplicableToCommonShares":"56830000.00"},"quarterly_last_2":{"date":"2018-12-31","filing_date":null,"researchDevelopment":"62305000.00","effectOfAccountingCharges":null,"incomeBeforeTax":"59850000.00","minorityInterest":null,"netIncome":"179948000.00","sellingGeneralAdministrative":"231960000.00","grossProfit":"357680000.00","ebit":"53275000.00","operatingIncome":"53275000.00","otherOperatingExpenses":null,"interestExpense":"-111000.00","extraordinaryItems":null,"nonRecurring":null,"otherItems":null,"incomeTaxExpense":"-120098000.00","totalRevenue":"1248738000.00","totalOperatingExpenses":"1195463000.00","costOfRevenue":"891058000.00","totalOtherIncomeExpenseNet":"6575000.00","discontinuedOperations":null,"netIncomeFromContinuingOps":"179948000.00","netIncomeApplicableToCommonShares":"179948000.00"},"quarterly_last_3":{"date":"2018-09-30","filing_date":null,"researchDevelopment":"60565000.00","effectOfAccountingCharges":null,"incomeBeforeTax":"30961000.00","minorityInterest":null,"netIncome":"25367000.00","sellingGeneralAdministrative":"161485000.00","grossProfit":"257787000.00","ebit":"25986000.00","operatingIncome":"25986000.00","otherOperatingExpenses":null,"interestExpense":"-111000.00","extraordinaryItems":null,"nonRecurring":null,"otherItems":null,"incomeTaxExpense":"5594000.00","totalRevenue":"492667000.00","totalOperatingExpenses":"466681000.00","costOfRevenue":"234880000.00","totalOtherIncomeExpenseNet":"4975000.00","discontinuedOperations":null,"netIncomeFromContinuingOps":"25367000.00","netIncomeApplicableToCommonShares":"25367000.00"},"yearly_last_0":{"date":"2019-03-31","filing_date":null,"researchDevelopment":"230170000.00","effectOfAccountingCharges":null,"incomeBeforeTax":"232785000.00","minorityInterest":null,"netIncome":"333837000.00","sellingGeneralAdministrative":"672634000.00","grossProfit":"1152176000.00","ebit":"209140000.00","operatingIncome":"209140000.00","otherOperatingExpenses":null,"interestExpense":"-8032000.00","extraordinaryItems":null,"nonRecurring":null,"otherItems":null,"incomeTaxExpense":"-101052000.00","totalRevenue":"2668394000.00","totalOperatingExpenses":"2459254000.00","costOfRevenue":"1516218000.00","totalOtherIncomeExpenseNet":"23645000.00","discontinuedOperations":null,"netIncomeFromContinuingOps":"333837000.00","netIncomeApplicableToCommonShares":"333837000.00"},"yearly_last_1":{"date":"2018-03-31","filing_date":"0000-00-00","researchDevelopment":"196373000.00","effectOfAccountingCharges":null,"incomeBeforeTax":"136625000.00","minorityInterest":null,"netIncome":"173533000.00","sellingGeneralAdministrative":"510420000.00","grossProfit":"895641000.00","ebit":"156136000.00","operatingIncome":"156136000.00","otherOperatingExpenses":"43969000.00","interestExpense":"-22269000.00","extraordinaryItems":null,"nonRecurring":"14742000.00","otherItems":null,"incomeTaxExpense":"-36908000.00","totalRevenue":"1792892000.00","totalOperatingExpenses":"1636756000.00","costOfRevenue":"897251000.00","totalOtherIncomeExpenseNet":"-19511000.00","discontinuedOperations":null,"netIncomeFromContinuingOps":"173533000.00","netIncomeApplicableToCommonShares":"173374000.00"},"yearly_last_2":{"date":"2017-03-31","filing_date":"0000-00-00","researchDevelopment":"137915000.00","effectOfAccountingCharges":null,"incomeBeforeTax":"76965000.00","minorityInterest":null,"netIncome":"67303000.00","sellingGeneralAdministrative":"496862000.00","grossProfit":"776955000.00","ebit":"111471000.00","operatingIncome":"111471000.00","otherOperatingExpenses":"30707000.00","interestExpense":"-29569000.00","extraordinaryItems":null,"nonRecurring":"14742000.00","otherItems":null,"incomeTaxExpense":"9662000.00","totalRevenue":"1779748000.00","totalOperatingExpenses":"1668277000.00","costOfRevenue":"1002793000.00","totalOtherIncomeExpenseNet":"-34506000.00","discontinuedOperations":null,"netIncomeFromContinuingOps":"67303000.00","netIncomeApplicableToCommonShares":"66028000.00"},"yearly_last_3":{"date":"2016-03-31","filing_date":"0000-00-00","researchDevelopment":"119807000.00","effectOfAccountingCharges":null,"incomeBeforeTax":"-38350000.00","minorityInterest":null,"netIncome":"-8302000.00","sellingGeneralAdministrative":"390761000.00","grossProfit":"622496000.00","ebit":"83128000.00","operatingIncome":"83128000.00","otherOperatingExpenses":"28800000.00","interestExpense":"-29239000.00","extraordinaryItems":null,"nonRecurring":"71285000.00","otherItems":null,"incomeTaxExpense":"-30048000.00","totalRevenue":"1413698000.00","totalOperatingExpenses":"1330570000.00","costOfRevenue":"791202000.00","totalOtherIncomeExpenseNet":"-121478000.00","discontinuedOperations":null,"netIncomeFromContinuingOps":"-8302000.00","netIncomeApplicableToCommonShares":"-8302000.00"}}}},"7":{"General":{"Code":"GBY","Type":"Common Stock","Name":"Sangamo Therapeutics, Inc","Exchange":"F","CurrencyCode":"EUR","CurrencyName":"Euro","CurrencySymbol":"\u20ac","CountryName":"Germany","CountryISO":"DE","ISIN":null,"Sector":"Healthcare","Industry":"Biotechnology","Description":"Sangamo Therapeutics, Inc. focuses on translating science into genomic medicines that transform patients' lives using platform technologies in genome editing, gene therapy, gene regulation, and cell therapy. The company's zinc finger proteins (ZFPs) could be engineered to make zinc finger nucleases (ZFNs), proteins that could be used to modify DNA sequences by adding or knocking out specific genes or genome editing; and ZFP transcription factors (ZFP TFs) proteins that can be used to increase or decrease gene expression or gene regulation. Its therapeutic products which are in Phase I\/II clinical trial include SB-525 for the treatment of hemophilia A; SB-FIX for the treatment of hemophilia B; ST-400 for the treatment of beta-thalassemia; and SB-318 for the treatment of Mucopolysaccharidosis Type I and SB-913 for the treatment of Mucopolysaccharidosis Type II, which are lysosomal storage disorders (LSDs). The company also develops ST-920, a gene therapy for fabry disease. It has collaboration and license agreements with Kite Pharma, Inc., Pfizer Inc., Bioverativ Inc., and Shire International GmbH, as well as license partnerships with Dow AgroSciences LLC, Sigma-Aldrich Corporation, Genentech, Inc., Open Monoclonal Technology, Inc., F. Hoffmann-La Roche Ltd, and Hoffmann-La Roche Inc. The company was formerly known as Sangamo BioSciences, Inc. and changed its name to Sangamo Therapeutics, Inc. in January 2017. Sangamo Therapeutics, Inc. was founded in 1995 and is headquartered in Richmond, California.","FullTimeEmployees":302,"UpdatedAt":"2019-09-24"},"Highlights":{"MarketCapitalization":1117082624,"MarketCapitalizationMln":"1117.0826","EBITDA":-109579000,"PERatio":null,"PEGRatio":"0.0000","WallStreetTargetPrice":null,"BookValue":"3.8510","DividendShare":null,"DividendYield":"0.0000","EarningsShare":"-0.9880","EPSEstimateCurrentYear":null,"EPSEstimateNextYear":null,"EPSEstimateNextQuarter":null,"MostRecentQuarter":"2019-06-30","ProfitMargin":"-1.3673","OperatingMarginTTM":"-1.4775","ReturnOnAssetsTTM":"-0.1079","ReturnOnEquityTTM":"-0.2510","RevenueTTM":"76018000.00","RevenuePerShareTTM":"0.7230","QuarterlyRevenueGrowthYOY":"-0.1810","GrossProfitTTM":"-30414000.00","DilutedEpsTTM":"-0.9880","QuarterlyEarningsGrowthYOY":null},"Valuation":{"TrailingPE":null,"ForwardPE":null,"PriceSalesTTM":null,"PriceBookMRQ":"2.4975","EnterpriseValueRevenue":"9.4930","EnterpriseValueEbitda":"-6.5860"},"Technicals":{"Beta":"0.8754","52WeekHigh":"14.9500","52WeekLow":"5.5000","50DayMA":"10.0022","200DayMA":"9.6124","SharesShort":null,"SharesShortPriorMonth":null,"ShortRatio":null,"ShortPercent":null},"SplitsDividends":{"ForwardAnnualDividendRate":null,"ForwardAnnualDividendYield":"0.0000","PayoutRatio":"0.0000","DividendDate":"0000-00-00","ExDividendDate":"0000-00-00","LastSplitFactor":"","LastSplitDate":"0000-00-00"},"Earnings":{"Last_0":{"date":"2018-06-30","epsActual":-0.17,"epsEstimate":null,"epsDifference":null,"surprisePercent":null},"Last_1":{"date":"0000-00-00","epsActual":0,"epsEstimate":0,"epsDifference":0,"surprisePercent":0},"Last_2":{"date":"0000-00-00","epsActual":0,"epsEstimate":0,"epsDifference":0,"surprisePercent":0},"Last_3":{"date":"0000-00-00","epsActual":0,"epsEstimate":0,"epsDifference":0,"surprisePercent":0}},"Financials":{"Balance_Sheet":{"currency_symbol":"USD","quarterly_last_0":{"date":"2019-06-30","filing_date":null,"intangibleAssets":"53892000.00","totalLiab":"227733000.00","totalStockholderEquity":"445134000.00","deferredLongTermLiab":null,"otherCurrentLiab":"50826000.00","totalAssets":"673481000.00","commonStock":"1156000.00","otherCurrentAssets":"2000000.00","retainedEarnings":"-634233000.00","otherLiab":"104138000.00","goodWill":"39795000.00","otherAssets":"9082000.00","cash":"169222000.00","totalCurrentLiabilities":"82045000.00","shortLongTermDebt":null,"otherStockholderEquity":"-765000.00","propertyPlantEquipment":"100454000.00","totalCurrentAssets":"461808000.00","longTermInvestments":"8450000.00","netTangibleAssets":"351447000.00","shortTermInvestments":"271877000.00","netReceivables":"12861000.00","longTermDebt":null,"inventory":null,"accountsPayable":"20020000.00"},"quarterly_last_1":{"date":"2019-03-31","filing_date":null,"intangibleAssets":"53170000.00","totalLiab":"213548000.00","totalStockholderEquity":"328495000.00","deferredLongTermLiab":null,"otherCurrentLiab":"54824000.00","totalAssets":"542729000.00","commonStock":"1023000.00","otherCurrentAssets":null,"retainedEarnings":"-603949000.00","otherLiab":"109122000.00","goodWill":"39283000.00","otherAssets":"41177000.00","cash":"80968000.00","totalCurrentLiabilities":"91127000.00","shortLongTermDebt":"1320000.00","otherStockholderEquity":"-2691000.00","propertyPlantEquipment":"46471000.00","totalCurrentAssets":"362628000.00","longTermInvestments":null,"netTangibleAssets":"236042000.00","shortTermInvestments":"270028000.00","netReceivables":"7905000.00","longTermDebt":"13299000.00","inventory":null,"accountsPayable":"28815000.00"},"quarterly_last_2":{"date":"2018-12-31","filing_date":null,"intangibleAssets":"54866000.00","totalLiab":"223138000.00","totalStockholderEquity":"366518000.00","deferredLongTermLiab":null,"otherCurrentLiab":"52737000.00","totalAssets":"590395000.00","commonStock":"1022000.00","otherCurrentAssets":null,"retainedEarnings":"-562696000.00","otherLiab":"144627000.00","goodWill":"40044000.00","otherAssets":"6241000.00","cash":"140418000.00","totalCurrentLiabilities":"78511000.00","shortLongTermDebt":null,"otherStockholderEquity":"-1440000.00","propertyPlantEquipment":"78723000.00","totalCurrentAssets":"410521000.00","longTermInvestments":null,"netTangibleAssets":"271608000.00","shortTermInvestments":"259715000.00","netReceivables":"5048000.00","longTermDebt":null,"inventory":null,"accountsPayable":"3355000.00"},"quarterly_last_3":{"date":"2018-09-30","filing_date":null,"intangibleAssets":null,"totalLiab":"226698000.00","totalStockholderEquity":"379906000.00","deferredLongTermLiab":null,"otherCurrentLiab":"51094000.00","totalAssets":"606604000.00","commonStock":"1018000.00","otherCurrentAssets":null,"retainedEarnings":"-544032000.00","otherLiab":"152575000.00","goodWill":"1585000.00","otherAssets":"86320000.00","cash":"39298000.00","totalCurrentLiabilities":"74123000.00","shortLongTermDebt":null,"otherStockholderEquity":"-244000.00","propertyPlantEquipment":"50497000.00","totalCurrentAssets":"468202000.00","longTermInvestments":null,"netTangibleAssets":"378321000.00","shortTermInvestments":"419272000.00","netReceivables":"6250000.00","longTermDebt":null,"inventory":null,"accountsPayable":"16424000.00"},"yearly_last_0":{"date":"2018-12-31","filing_date":null,"intangibleAssets":"54866000.00","totalLiab":"223138000.00","totalStockholderEquity":"366518000.00","deferredLongTermLiab":null,"otherCurrentLiab":"52737000.00","totalAssets":"590395000.00","commonStock":"1022000.00","otherCurrentAssets":null,"retainedEarnings":"-562696000.00","otherLiab":"144627000.00","goodWill":"40044000.00","otherAssets":"6241000.00","cash":"140418000.00","totalCurrentLiabilities":"78511000.00","shortLongTermDebt":null,"otherStockholderEquity":"-1440000.00","propertyPlantEquipment":"78723000.00","totalCurrentAssets":"410521000.00","longTermInvestments":null,"netTangibleAssets":"271608000.00","shortTermInvestments":"259715000.00","netReceivables":"5048000.00","longTermDebt":null,"inventory":null,"accountsPayable":"3355000.00"},"yearly_last_1":{"date":"2017-12-31","filing_date":null,"intangibleAssets":null,"totalLiab":"98841000.00","totalStockholderEquity":"187900000.00","deferredLongTermLiab":"29244000.00","otherCurrentLiab":"30148000.00","totalAssets":"286741000.00","commonStock":"856000.00","otherCurrentAssets":"1506000.00","retainedEarnings":"-495479000.00","otherLiab":"53982000.00","goodWill":"1585000.00","otherAssets":"4681000.00","cash":"49826000.00","totalCurrentLiabilities":"44859000.00","shortLongTermDebt":null,"otherStockholderEquity":"-286000.00","propertyPlantEquipment":"31066000.00","totalCurrentAssets":"248397000.00","longTermInvestments":"1012000.00","netTangibleAssets":"186315000.00","shortTermInvestments":"193482000.00","netReceivables":"3583000.00","longTermDebt":"24738000.00","inventory":null,"accountsPayable":"16000.00"},"yearly_last_2":{"date":"2016-12-31","filing_date":null,"intangibleAssets":null,"totalLiab":"21696000.00","totalStockholderEquity":"136195000.00","deferredLongTermLiab":"4460000.00","otherCurrentLiab":"4669000.00","totalAssets":"157891000.00","commonStock":"709000.00","otherCurrentAssets":"1849000.00","retainedEarnings":"-440911000.00","otherLiab":"8405000.00","goodWill":"1585000.00","otherAssets":"169000.00","cash":"22061000.00","totalCurrentLiabilities":"13291000.00","shortLongTermDebt":null,"otherStockholderEquity":"20000.00","propertyPlantEquipment":"6557000.00","totalCurrentAssets":"149580000.00","longTermInvestments":null,"netTangibleAssets":"134610000.00","shortTermInvestments":"120474000.00","netReceivables":"5196000.00","longTermDebt":"3945000.00","inventory":null,"accountsPayable":"2580000.00"},"yearly_last_3":{"date":"2015-12-31","filing_date":null,"intangibleAssets":null,"totalLiab":"24796000.00","totalStockholderEquity":"192439000.00","deferredLongTermLiab":"4699000.00","otherCurrentLiab":"9464000.00","totalAssets":"217235000.00","commonStock":"703000.00","otherCurrentAssets":"754000.00","retainedEarnings":"-369253000.00","otherLiab":"4699000.00","goodWill":"1585000.00","otherAssets":"152000.00","cash":"69482000.00","totalCurrentLiabilities":"20097000.00","shortLongTermDebt":null,"otherStockholderEquity":null,"propertyPlantEquipment":"2916000.00","totalCurrentAssets":"212582000.00","longTermInvestments":null,"netTangibleAssets":"190854000.00","shortTermInvestments":"139518000.00","netReceivables":"2828000.00","longTermDebt":null,"inventory":null,"accountsPayable":"3905000.00"}},"Cash_Flow":{"currency_symbol":"USD","quarterly_last_0":{"date":"2019-06-30","filing_date":null,"investments":"-8600000.00","changeToLiabilities":"-18823000.00","totalCashflowsFromInvestingActivities":"-12383000.00","netBorrowings":null,"totalCashFromFinancingActivities":"139890000.00","changeToOperatingActivities":"9891000.00","netIncome":"-30284000.00","changeInCash":"88254000.00","totalCashFromOperatingActivities":"-39593000.00","depreciation":"868000.00","otherCashflowsFromInvestingActivities":null,"dividendsPaid":null,"changeToInventory":null,"changeToAccountReceivables":"-4784000.00","salePurchaseOfStock":null,"otherCashflowsFromFinancingActivities":null,"changeToNetincome":"3539000.00","capitalExpenditures":"3783000.00"},"quarterly_last_1":{"date":"2019-03-31","filing_date":null,"investments":"-8822000.00","changeToLiabilities":"9813000.00","totalCashflowsFromInvestingActivities":"-14799000.00","netBorrowings":null,"totalCashFromFinancingActivities":"216000.00","changeToOperatingActivities":"-13808000.00","netIncome":"-42150000.00","changeInCash":"-59450000.00","totalCashFromOperatingActivities":"-45119000.00","depreciation":"715000.00","otherCashflowsFromInvestingActivities":null,"dividendsPaid":null,"changeToInventory":null,"changeToAccountReceivables":"-2638000.00","salePurchaseOfStock":null,"otherCashflowsFromFinancingActivities":null,"changeToNetincome":"2949000.00","capitalExpenditures":"5977000.00"},"quarterly_last_2":{"date":"2018-12-31","filing_date":null,"investments":"166519000.00","changeToLiabilities":"-26337000.00","totalCashflowsFromInvestingActivities":"62835000.00","netBorrowings":null,"totalCashFromFinancingActivities":"1566000.00","changeToOperatingActivities":"1041000.00","netIncome":"-18664000.00","changeInCash":"24679000.00","totalCashFromOperatingActivities":"-39559000.00","depreciation":"691000.00","otherCashflowsFromInvestingActivities":null,"dividendsPaid":null,"changeToInventory":null,"changeToAccountReceivables":"895000.00","salePurchaseOfStock":null,"otherCashflowsFromFinancingActivities":null,"changeToNetincome":"2815000.00","capitalExpenditures":"28037000.00"},"quarterly_last_3":{"date":"2018-09-30","filing_date":null,"investments":"92030000.00","changeToLiabilities":"-21878000.00","totalCashflowsFromInvestingActivities":"82770000.00","netBorrowings":null,"totalCashFromFinancingActivities":"1159000.00","changeToOperatingActivities":"5582000.00","netIncome":"-12843000.00","changeInCash":"56333000.00","totalCashFromOperatingActivities":"-27596000.00","depreciation":"461000.00","otherCashflowsFromInvestingActivities":null,"dividendsPaid":null,"changeToInventory":null,"changeToAccountReceivables":"-591000.00","salePurchaseOfStock":null,"otherCashflowsFromFinancingActivities":null,"changeToNetincome":"1673000.00","capitalExpenditures":"9260000.00"},"yearly_last_0":{"date":"2018-12-31","filing_date":null,"investments":"-59394000.00","changeToLiabilities":"92992000.00","totalCashflowsFromInvestingActivities":"-178106000.00","netBorrowings":null,"totalCashFromFinancingActivities":"231709000.00","changeToOperatingActivities":"1604000.00","netIncome":"-68334000.00","changeInCash":"90592000.00","totalCashFromOperatingActivities":"37152000.00","depreciation":"2359000.00","otherCashflowsFromInvestingActivities":null,"dividendsPaid":null,"changeToInventory":null,"changeToAccountReceivables":"-1330000.00","salePurchaseOfStock":null,"otherCashflowsFromFinancingActivities":null,"changeToNetincome":"9861000.00","capitalExpenditures":"43065000.00"},"yearly_last_1":{"date":"2017-12-31","filing_date":"0000-00-00","investments":"-73653000.00","changeToLiabilities":"52203000.00","totalCashflowsFromInvestingActivities":"-77404000.00","netBorrowings":null,"totalCashFromFinancingActivities":"97490000.00","changeToOperatingActivities":"1909000.00","netIncome":"-54568000.00","changeInCash":"31265000.00","totalCashFromOperatingActivities":"11179000.00","depreciation":"1498000.00","otherCashflowsFromInvestingActivities":"-3500000.00","dividendsPaid":null,"changeToInventory":null,"changeToAccountReceivables":"1629000.00","salePurchaseOfStock":"98144000.00","otherCashflowsFromFinancingActivities":"-654000.00","changeToNetincome":"8508000.00","capitalExpenditures":"3751000.00"},"yearly_last_2":{"date":"2016-12-31","filing_date":"0000-00-00","investments":"18857000.00","changeToLiabilities":"-7549000.00","totalCashflowsFromInvestingActivities":"18125000.00","netBorrowings":null,"totalCashFromFinancingActivities":"337000.00","changeToOperatingActivities":"-892000.00","netIncome":"-71658000.00","changeInCash":"-47421000.00","totalCashFromOperatingActivities":"-65883000.00","depreciation":"997000.00","otherCashflowsFromInvestingActivities":"-3500000.00","dividendsPaid":null,"changeToInventory":null,"changeToAccountReceivables":"-2144000.00","salePurchaseOfStock":"1113000.00","otherCashflowsFromFinancingActivities":"-776000.00","changeToNetincome":"15363000.00","capitalExpenditures":"732000.00"},"yearly_last_3":{"date":"2015-12-31","filing_date":"0000-00-00","investments":"79873000.00","changeToLiabilities":"-9144000.00","totalCashflowsFromInvestingActivities":"77462000.00","netBorrowings":null,"totalCashFromFinancingActivities":"19710000.00","changeToOperatingActivities":"387000.00","netIncome":"-40703000.00","changeInCash":"63452000.00","totalCashFromOperatingActivities":"-33720000.00","depreciation":"988000.00","otherCashflowsFromInvestingActivities":"-3500000.00","dividendsPaid":null,"changeToInventory":null,"changeToAccountReceivables":"7847000.00","salePurchaseOfStock":"21256000.00","otherCashflowsFromFinancingActivities":"-1546000.00","changeToNetincome":"6905000.00","capitalExpenditures":"732000.00"}},"Income_Statement":{"currency_symbol":"USD","quarterly_last_0":{"date":"2019-06-30","filing_date":null,"researchDevelopment":"36455000.00","effectOfAccountingCharges":null,"incomeBeforeTax":"-30356000.00","minorityInterest":"614000.00","netIncome":"-30284000.00","sellingGeneralAdministrative":"14597000.00","grossProfit":"-18907000.00","ebit":"-33504000.00","operatingIncome":"-33504000.00","otherOperatingExpenses":null,"interestExpense":null,"extraordinaryItems":null,"nonRecurring":null,"otherItems":null,"incomeTaxExpense":null,"totalRevenue":"17548000.00","totalOperatingExpenses":"51052000.00","costOfRevenue":"36455000.00","totalOtherIncomeExpenseNet":"3148000.00","discontinuedOperations":null,"netIncomeFromContinuingOps":"-30356000.00","netIncomeApplicableToCommonShares":"-30284000.00"},"quarterly_last_1":{"date":"2019-03-31","filing_date":null,"researchDevelopment":"36455000.00","effectOfAccountingCharges":null,"incomeBeforeTax":"-42203000.00","minorityInterest":"686000.00","netIncome":"-42150000.00","sellingGeneralAdministrative":"17118000.00","grossProfit":"-26779000.00","ebit":"-43897000.00","operatingIncome":"-43897000.00","otherOperatingExpenses":null,"interestExpense":null,"extraordinaryItems":null,"nonRecurring":null,"otherItems":null,"incomeTaxExpense":null,"totalRevenue":"8071000.00","totalOperatingExpenses":"51968000.00","costOfRevenue":"34850000.00","totalOtherIncomeExpenseNet":"1694000.00","discontinuedOperations":null,"netIncomeFromContinuingOps":"-42203000.00","netIncomeApplicableToCommonShares":"-42150000.00"},"quarterly_last_2":{"date":"2018-12-31","filing_date":null,"researchDevelopment":"33254000.00","effectOfAccountingCharges":null,"incomeBeforeTax":"-19219000.00","minorityInterest":"739000.00","netIncome":"-18664000.00","sellingGeneralAdministrative":"12255000.00","grossProfit":"-6417000.00","ebit":"-18672000.00","operatingIncome":"-18672000.00","otherOperatingExpenses":null,"interestExpense":null,"extraordinaryItems":null,"nonRecurring":null,"otherItems":null,"incomeTaxExpense":"0.00","totalRevenue":"26837000.00","totalOperatingExpenses":"45509000.00","costOfRevenue":"33254000.00","totalOtherIncomeExpenseNet":"-547000.00","discontinuedOperations":null,"netIncomeFromContinuingOps":"-19219000.00","netIncomeApplicableToCommonShares":"-18664000.00"},"quarterly_last_3":{"date":"2018-09-30","filing_date":null,"researchDevelopment":"33254000.00","effectOfAccountingCharges":null,"incomeBeforeTax":"-12843000.00","minorityInterest":"739000.00","netIncome":"-12843000.00","sellingGeneralAdministrative":"10993000.00","grossProfit":"-5248000.00","ebit":"-16241000.00","operatingIncome":"-16241000.00","otherOperatingExpenses":null,"interestExpense":null,"extraordinaryItems":null,"nonRecurring":null,"otherItems":null,"incomeTaxExpense":"0.00","totalRevenue":"23562000.00","totalOperatingExpenses":"39803000.00","costOfRevenue":"28810000.00","totalOtherIncomeExpenseNet":"3398000.00","discontinuedOperations":null,"netIncomeFromContinuingOps":"-12843000.00","netIncomeApplicableToCommonShares":"-12843000.00"},"yearly_last_0":{"date":"2018-12-31","filing_date":null,"researchDevelopment":"114866000.00","effectOfAccountingCharges":null,"incomeBeforeTax":"-68889000.00","minorityInterest":"739000.00","netIncome":"-68334000.00","sellingGeneralAdministrative":"44636000.00","grossProfit":"-30414000.00","ebit":"-75050000.00","operatingIncome":"-75050000.00","otherOperatingExpenses":null,"interestExpense":null,"extraordinaryItems":null,"nonRecurring":null,"otherItems":null,"incomeTaxExpense":"0.00","totalRevenue":"84452000.00","totalOperatingExpenses":"159502000.00","costOfRevenue":"114866000.00","totalOtherIncomeExpenseNet":"6161000.00","discontinuedOperations":null,"netIncomeFromContinuingOps":"-68889000.00","netIncomeApplicableToCommonShares":"-68334000.00"},"yearly_last_1":{"date":"2017-12-31","filing_date":"0000-00-00","researchDevelopment":"114866000.00","effectOfAccountingCharges":null,"incomeBeforeTax":"-54568000.00","minorityInterest":"739000.00","netIncome":"-54568000.00","sellingGeneralAdministrative":"27200000.00","grossProfit":"-29161000.00","ebit":"-56361000.00","operatingIncome":"-56361000.00","otherOperatingExpenses":null,"interestExpense":null,"extraordinaryItems":null,"nonRecurring":null,"otherItems":null,"incomeTaxExpense":"0.00","totalRevenue":"36567000.00","totalOperatingExpenses":"92928000.00","costOfRevenue":"65728000.00","totalOtherIncomeExpenseNet":"1793000.00","discontinuedOperations":null,"netIncomeFromContinuingOps":"-54568000.00","netIncomeApplicableToCommonShares":"-54568000.00"},"yearly_last_2":{"date":"2016-12-31","filing_date":"0000-00-00","researchDevelopment":"114866000.00","effectOfAccountingCharges":null,"incomeBeforeTax":"-71672000.00","minorityInterest":"739000.00","netIncome":"-71658000.00","sellingGeneralAdministrative":"22230000.00","grossProfit":"-46229000.00","ebit":"-68459000.00","operatingIncome":"-68459000.00","otherOperatingExpenses":null,"interestExpense":null,"extraordinaryItems":null,"nonRecurring":null,"otherItems":null,"incomeTaxExpense":"-14000.00","totalRevenue":"19389000.00","totalOperatingExpenses":"87848000.00","costOfRevenue":"65618000.00","totalOtherIncomeExpenseNet":"-3213000.00","discontinuedOperations":null,"netIncomeFromContinuingOps":"-71658000.00","netIncomeApplicableToCommonShares":"-71658000.00"},"yearly_last_3":{"date":"2015-12-31","filing_date":"0000-00-00","researchDevelopment":"114866000.00","effectOfAccountingCharges":null,"incomeBeforeTax":"-46425000.00","minorityInterest":"739000.00","netIncome":"-40703000.00","sellingGeneralAdministrative":"19197000.00","grossProfit":"-27589000.00","ebit":"-46786000.00","operatingIncome":"-46786000.00","otherOperatingExpenses":null,"interestExpense":null,"extraordinaryItems":null,"nonRecurring":null,"otherItems":null,"incomeTaxExpense":"-5722000.00","totalRevenue":"39539000.00","totalOperatingExpenses":"86325000.00","costOfRevenue":"67128000.00","totalOtherIncomeExpenseNet":"361000.00","discontinuedOperations":null,"netIncomeFromContinuingOps":"-40703000.00","netIncomeApplicableToCommonShares":"-40703000.00"}}}},"8":{"General":{"Code":"HNR1","Type":"Common Stock","Name":"Hannover Ruck SE","Exchange":"F","CurrencyCode":"EUR","CurrencyName":"Euro","CurrencySymbol":"\u20ac","CountryName":"Germany","CountryISO":"DE","ISIN":"DE0008402215","Sector":"Financial Services","Industry":"Insurance - Reinsurance","Description":"Hannover R\u00fcck SE, together with its subsidiaries, provides reinsurance products and services worldwide. It operates through Property & Casualty Reinsurance, and Life & Health Reinsurance segments. The Property & Casualty Reinsurance segment offers specialty lines comprising marine, aviation, facultative, credit, surety, and political risks reinsurance products; and treaty, catastrophe XL, and structured reinsurance, as well as insurance-linked securities. This segment also provides risk solutions for casualty and property, as well as for agricultural, livestock, and bloodstock businesses; aviation and space business; and marine and offshore energy business. The Life & Health Reinsurance segment offers credit life, enhanced annuities, group life and health, 60+, and Sharia-compliant Takaful reinsurance products. This segment also provides risk solutions in the areas of critical illness, disability, health, longevity, long term care, and mortality. In addition, it offers various financial solutions, including new-business financing; monetization of embedded value; reserve and solvency relief; and divestiture of non-core businesses. The company was formerly known as Hannover R\u00fcckversicherung AG and changed its name to Hannover R\u00fcck SE in March 2013. The company was founded in 1966 and is headquartered in Hanover, Germany. Hannover R\u00fcck SE is a subsidiary of Talanx AG.","FullTimeEmployees":3169,"UpdatedAt":"2019-09-24"},"Highlights":{"MarketCapitalization":18378840064,"MarketCapitalizationMln":"18378.8401","EBITDA":1821492992,"PERatio":"15.7742","PEGRatio":"0.0000","WallStreetTargetPrice":"113.6900","BookValue":"80.7040","DividendShare":"3.7500","DividendYield":"0.0247","EarningsShare":"9.6740","EPSEstimateCurrentYear":null,"EPSEstimateNextYear":null,"EPSEstimateNextQuarter":null,"MostRecentQuarter":"2019-06-30","ProfitMargin":"0.0581","OperatingMarginTTM":"0.0860","ReturnOnAssetsTTM":"0.0164","ReturnOnEquityTTM":"0.1271","RevenueTTM":"20077142016.00","RevenuePerShareTTM":"166.4810","QuarterlyRevenueGrowthYOY":"0.1090","GrossProfitTTM":"1821400000.00","DilutedEpsTTM":"9.6740","QuarterlyEarningsGrowthYOY":"0.3080"},"Valuation":{"TrailingPE":"15.7742","ForwardPE":"15.2753","PriceSalesTTM":null,"PriceBookMRQ":"1.8909","EnterpriseValueRevenue":"0.9670","EnterpriseValueEbitda":"10.6630"},"Technicals":{"Beta":"0.4304","52WeekHigh":"153.2000","52WeekLow":"113.0000","50DayMA":"146.6971","200DayMA":"138.7279","SharesShort":null,"SharesShortPriorMonth":null,"ShortRatio":null,"ShortPercent":null},"SplitsDividends":{"ForwardAnnualDividendRate":"3.7500","ForwardAnnualDividendYield":"0.0247","PayoutRatio":"0.3874","DividendDate":"0000-00-00","ExDividendDate":"2019-05-09","LastSplitFactor":"1\/3","LastSplitDate":"2002-07-15"},"Earnings":{"Last_0":{"date":"2018-12-31","epsActual":2.78,"epsEstimate":null,"epsDifference":null,"surprisePercent":null},"Last_1":{"date":"2018-09-30","epsActual":1.41,"epsEstimate":0.62,"epsDifference":0.79,"surprisePercent":127.4},"Last_2":{"date":"2018-06-30","epsActual":2.34,"epsEstimate":2.08,"epsDifference":0.26,"surprisePercent":12.5},"Last_3":{"date":"2018-03-31","epsActual":2.27,"epsEstimate":2.09,"epsDifference":0.18,"surprisePercent":8.6}},"Financials":{"Balance_Sheet":{"currency_symbol":"EUR","quarterly_last_0":{"date":"2019-06-30","filing_date":null,"intangibleAssets":"2542464000.00","totalLiab":"57471671000.00","totalStockholderEquity":"9732717000.00","deferredLongTermLiab":null,"otherCurrentLiab":"5267979000.00","totalAssets":"67978737000.00","commonStock":"120597000.00","otherCurrentAssets":"14714645000.00","retainedEarnings":"7471041000.00","otherLiab":"48390100000.00","goodWill":"86061000.00","otherAssets":"2666719000.00","cash":"1199119000.00","totalCurrentLiabilities":"6515174000.00","shortLongTermDebt":"1500000.00","otherStockholderEquity":"2141079000.00","propertyPlantEquipment":null,"totalCurrentAssets":"22213789000.00","longTermInvestments":"40469704000.00","netTangibleAssets":"9646656000.00","shortTermInvestments":"458678000.00","netReceivables":"5110044000.00","longTermDebt":"2566397000.00","inventory":null,"accountsPayable":"1245695000.00"},"quarterly_last_1":{"date":"2019-03-31","filing_date":null,"intangibleAssets":"2602732000.00","totalLiab":"57179027000.00","totalStockholderEquity":"9851335000.00","deferredLongTermLiab":null,"otherCurrentLiab":"5229820000.00","totalAssets":"67785196000.00","commonStock":"120597000.00","otherCurrentAssets":"2958385000.00","retainedEarnings":"7735593000.00","otherLiab":"47169745000.00","goodWill":"87765000.00","otherAssets":"14075608000.00","cash":"1251376000.00","totalCurrentLiabilities":"7441894000.00","shortLongTermDebt":null,"otherStockholderEquity":"1270583000.00","propertyPlantEquipment":null,"totalCurrentAssets":"10494844000.00","longTermInvestments":"40524247000.00","netTangibleAssets":"9763570000.00","shortTermInvestments":"510688000.00","netReceivables":"4850865000.00","longTermDebt":"2567388000.00","inventory":null,"accountsPayable":"2212074000.00"},"quarterly_last_2":{"date":"2018-12-31","filing_date":null,"intangibleAssets":"2324826000.00","totalLiab":"54966609000.00","totalStockholderEquity":"8776791000.00","deferredLongTermLiab":null,"otherCurrentLiab":"5755794000.00","totalAssets":"64508637000.00","commonStock":"120597000.00","otherCurrentAssets":"4660283000.00","retainedEarnings":"7440278000.00","otherLiab":"35632817000.00","goodWill":"85588000.00","otherAssets":"13163649000.00","cash":"1072915000.00","totalCurrentLiabilities":"16849060000.00","shortLongTermDebt":"74152000.00","otherStockholderEquity":"491354000.00","propertyPlantEquipment":"93355000.00","totalCurrentAssets":"10862107000.00","longTermInvestments":"37979112000.00","netTangibleAssets":"8561806000.00","shortTermInvestments":"417137000.00","netReceivables":"4058951000.00","longTermDebt":"2484732000.00","inventory":null,"accountsPayable":"10873034000.00"},"quarterly_last_3":{"date":"2018-09-30","filing_date":null,"intangibleAssets":"2363745000.00","totalLiab":"55705631000.00","totalStockholderEquity":"8353460000.00","deferredLongTermLiab":null,"otherCurrentLiab":"6420940000.00","totalAssets":"64803905000.00","commonStock":"120597000.00","otherCurrentAssets":"14915635000.00","retainedEarnings":"7106506000.00","otherLiab":"45365175000.00","goodWill":"94661000.00","otherAssets":"3339399000.00","cash":"818676000.00","totalCurrentLiabilities":"7783997000.00","shortLongTermDebt":null,"otherStockholderEquity":"1126357000.00","propertyPlantEquipment":null,"totalCurrentAssets":"21664392000.00","longTermInvestments":"37341708000.00","netTangibleAssets":"8258799000.00","shortTermInvestments":"612738000.00","netReceivables":"4484210000.00","longTermDebt":"2556459000.00","inventory":null,"accountsPayable":"1363057000.00"},"yearly_last_0":{"date":"2018-12-31","filing_date":null,"intangibleAssets":"2324826000.00","totalLiab":"54966609000.00","totalStockholderEquity":"8776791000.00","deferredLongTermLiab":null,"otherCurrentLiab":"5755794000.00","totalAssets":"64508637000.00","commonStock":"120597000.00","otherCurrentAssets":"4660283000.00","retainedEarnings":"7440278000.00","otherLiab":"35632817000.00","goodWill":"85588000.00","otherAssets":"13163649000.00","cash":"1072915000.00","totalCurrentLiabilities":"16849060000.00","shortLongTermDebt":"74152000.00","otherStockholderEquity":"491354000.00","propertyPlantEquipment":"93355000.00","totalCurrentAssets":"10862107000.00","longTermInvestments":"37979112000.00","netTangibleAssets":"8561806000.00","shortTermInvestments":"417137000.00","netReceivables":"4058951000.00","longTermDebt":"2484732000.00","inventory":null,"accountsPayable":"10873034000.00"},"yearly_last_1":{"date":"2017-12-31","filing_date":null,"intangibleAssets":"2425244000.00","totalLiab":"51910288000.00","totalStockholderEquity":"8528478000.00","deferredLongTermLiab":null,"otherCurrentLiab":"4126145000.00","totalAssets":"61196846000.00","commonStock":"120597000.00","otherCurrentAssets":"3354731000.00","retainedEarnings":"6984407000.00","otherLiab":"35621377000.00","goodWill":"91692000.00","otherAssets":"13143417000.00","cash":"835706000.00","totalCurrentLiabilities":"14624408000.00","shortLongTermDebt":"78066000.00","otherStockholderEquity":"698912000.00","propertyPlantEquipment":"93689000.00","totalCurrentAssets":"9350922000.00","longTermInvestments":"36091882000.00","netTangibleAssets":"8303073000.00","shortTermInvestments":"953087000.00","netReceivables":"3899140000.00","longTermDebt":"1664503000.00","inventory":null,"accountsPayable":"10284669000.00"},"yearly_last_2":{"date":"2016-12-31","filing_date":null,"intangibleAssets":"2392714000.00","totalLiab":"53854000000.00","totalStockholderEquity":"8997230000.00","deferredLongTermLiab":null,"otherCurrentLiab":"4049348000.00","totalAssets":"63594547000.00","commonStock":"120597000.00","otherCurrentAssets":"3310360000.00","retainedEarnings":"6628274000.00","otherLiab":"37231390000.00","goodWill":"64609000.00","otherAssets":"14220229000.00","cash":"848667000.00","totalCurrentLiabilities":"14920338000.00","shortLongTermDebt":"104256000.00","otherStockholderEquity":"1523797000.00","propertyPlantEquipment":"94405000.00","totalCurrentAssets":"9115571000.00","longTermInvestments":"37707019000.00","netTangibleAssets":"8880533000.00","shortTermInvestments":"836620000.00","netReceivables":"3745080000.00","longTermDebt":"1702272000.00","inventory":null,"accountsPayable":"10624838000.00"},"yearly_last_3":{"date":"2015-12-31","filing_date":null,"intangibleAssets":"2220709000.00","totalLiab":"54437468000.00","totalStockholderEquity":"8068344000.00","deferredLongTermLiab":null,"otherCurrentLiab":"3693196000.00","totalAssets":"63214938000.00","commonStock":"120597000.00","otherCurrentAssets":"3340348000.00","retainedEarnings":"6039783000.00","otherLiab":"38000895000.00","goodWill":"60244000.00","otherAssets":"16256750000.00","cash":"820995000.00","totalCurrentLiabilities":"14674508000.00","shortLongTermDebt":"39757000.00","otherStockholderEquity":"1183402000.00","propertyPlantEquipment":"95443000.00","totalCurrentAssets":"9288542000.00","longTermInvestments":"35293250000.00","netTangibleAssets":"7960323000.00","shortTermInvestments":"1083154000.00","netReceivables":"3771456000.00","longTermDebt":"1762065000.00","inventory":null,"accountsPayable":"10851967000.00"}},"Cash_Flow":{"currency_symbol":"EUR","quarterly_last_0":{"date":"2019-06-30","filing_date":null,"investments":"-681753000.00","changeToLiabilities":"1239576000.00","totalCashflowsFromInvestingActivities":"-196027000.00","netBorrowings":"-2109000.00","totalCashFromFinancingActivities":"-637185000.00","changeToOperatingActivities":"-690623000.00","netIncome":"368852000.00","changeInCash":"-34961000.00","totalCashFromOperatingActivities":"821149000.00","depreciation":"18557000.00","otherCashflowsFromInvestingActivities":"572734000.00","dividendsPaid":"-452239286.00","changeToInventory":null,"changeToAccountReceivables":null,"salePurchaseOfStock":null,"otherCashflowsFromFinancingActivities":"-1990000.00","changeToNetincome":"-115213000.00","capitalExpenditures":null},"quarterly_last_1":{"date":"2019-03-31","filing_date":null,"investments":"-681753000.00","changeToLiabilities":"58390000.00","totalCashflowsFromInvestingActivities":"-585008000.00","netBorrowings":"-2109000.00","totalCashFromFinancingActivities":"-50898000.00","changeToOperatingActivities":"372528000.00","netIncome":"293653000.00","changeInCash":"99867000.00","totalCashFromOperatingActivities":"708720000.00","depreciation":"15490000.00","otherCashflowsFromInvestingActivities":"-585008000.00","dividendsPaid":"-452239286.00","changeToInventory":null,"changeToAccountReceivables":null,"salePurchaseOfStock":null,"otherCashflowsFromFinancingActivities":"-50898000.00","changeToNetincome":"-31341000.00","capitalExpenditures":null},"quarterly_last_2":{"date":"2018-12-31","filing_date":null,"investments":"-1974259000.00","changeToLiabilities":"-823971000.00","totalCashflowsFromInvestingActivities":"-250765000.00","netBorrowings":"807844000.00","totalCashFromFinancingActivities":"-869000.00","changeToOperatingActivities":"982049000.00","netIncome":"334158000.00","changeInCash":"266561000.00","totalCashFromOperatingActivities":"515407000.00","depreciation":"38807000.00","otherCashflowsFromInvestingActivities":"1808064000.00","dividendsPaid":"-422090200.00","changeToInventory":null,"changeToAccountReceivables":null,"salePurchaseOfStock":null,"otherCashflowsFromFinancingActivities":"-205727000.00","changeToNetincome":"-15636000.00","capitalExpenditures":null},"quarterly_last_3":{"date":"2018-09-30","filing_date":null,"investments":"1100947000.00","changeToLiabilities":"817637000.00","totalCashflowsFromInvestingActivities":"-636830000.00","netBorrowings":"-808997000.00","totalCashFromFinancingActivities":"-2125000.00","changeToOperatingActivities":"-298623000.00","netIncome":"170030000.00","changeInCash":"61985000.00","totalCashFromOperatingActivities":"691932000.00","depreciation":"27910000.00","otherCashflowsFromInvestingActivities":"-1805935000.00","dividendsPaid":"-422090200.00","changeToInventory":null,"changeToAccountReceivables":null,"salePurchaseOfStock":null,"otherCashflowsFromFinancingActivities":"626005200.00","changeToNetincome":"-25022000.00","capitalExpenditures":null},"yearly_last_0":{"date":"2018-12-31","filing_date":null,"investments":"-1974259000.00","changeToLiabilities":"-586000.00","totalCashflowsFromInvestingActivities":"-2075202000.00","netBorrowings":"807844000.00","totalCashFromFinancingActivities":"149513000.00","changeToOperatingActivities":"1137448000.00","netIncome":"1059493000.00","changeInCash":"315803000.00","totalCashFromOperatingActivities":"2224573000.00","depreciation":"98355000.00","otherCashflowsFromInvestingActivities":"-16373000.00","dividendsPaid":"-422090200.00","changeToInventory":null,"changeToAccountReceivables":null,"salePurchaseOfStock":null,"otherCashflowsFromFinancingActivities":"-55345000.00","changeToNetincome":"-70137000.00","capitalExpenditures":null},"yearly_last_1":{"date":"2017-12-31","filing_date":"0000-00-00","investments":"-584087000.00","changeToLiabilities":"-105658000.00","totalCashflowsFromInvestingActivities":"-942250000.00","netBorrowings":"-39752000.00","totalCashFromFinancingActivities":"-690044000.00","changeToOperatingActivities":"999483000.00","netIncome":"958555000.00","changeInCash":"-12961000.00","totalCashFromOperatingActivities":"1693853000.00","depreciation":"98839000.00","otherCashflowsFromInvestingActivities":"-93091000.00","dividendsPaid":"-422090200.00","changeToInventory":null,"changeToAccountReceivables":null,"salePurchaseOfStock":"559000.00","otherCashflowsFromFinancingActivities":"-47306000.00","changeToNetincome":"-257366000.00","capitalExpenditures":null},"yearly_last_2":{"date":"2016-12-31","filing_date":"0000-00-00","investments":"-1867387000.00","changeToLiabilities":"88078000.00","totalCashflowsFromInvestingActivities":"-1711550000.00","netBorrowings":"-1802000.00","totalCashFromFinancingActivities":"-626913000.00","changeToOperatingActivities":"1082097000.00","netIncome":"1171229000.00","changeInCash":"27672000.00","totalCashFromOperatingActivities":"2331283000.00","depreciation":"105636000.00","otherCashflowsFromInvestingActivities":"-27960000.00","dividendsPaid":"-391940421.00","changeToInventory":null,"changeToAccountReceivables":null,"salePurchaseOfStock":"7762000.00","otherCashflowsFromFinancingActivities":"-60037000.00","changeToNetincome":"-115757000.00","capitalExpenditures":null},"yearly_last_3":{"date":"2015-12-31","filing_date":"0000-00-00","investments":"-1928196000.00","changeToLiabilities":"159250000.00","totalCashflowsFromInvestingActivities":"-2107554000.00","netBorrowings":"-495242000.00","totalCashFromFinancingActivities":"-1054793000.00","changeToOperatingActivities":"1707462000.00","netIncome":"1150725000.00","changeInCash":"-33508000.00","totalCashFromOperatingActivities":"3104875000.00","depreciation":"61507000.00","otherCashflowsFromInvestingActivities":"-30771000.00","dividendsPaid":"-361791529.00","changeToInventory":null,"changeToAccountReceivables":null,"salePurchaseOfStock":"4007000.00","otherCashflowsFromFinancingActivities":"-51020000.00","changeToNetincome":"25931000.00","capitalExpenditures":null}},"Income_Statement":{"currency_symbol":"EUR","quarterly_last_0":{"date":"2019-06-30","filing_date":null,"researchDevelopment":null,"effectOfAccountingCharges":null,"incomeBeforeTax":"470672000.00","minorityInterest":"774349000.00","netIncome":"368852000.00","sellingGeneralAdministrative":"129006000.00","grossProfit":"554914000.00","ebit":"492087000.00","operatingIncome":"492087000.00","otherOperatingExpenses":"-66179000.00","interestExpense":"-21415000.00","extraordinaryItems":null,"nonRecurring":null,"otherItems":null,"incomeTaxExpense":"92069000.00","totalRevenue":"5211783000.00","totalOperatingExpenses":"4719696000.00","costOfRevenue":"4656869000.00","totalOtherIncomeExpenseNet":"-21415000.00","discontinuedOperations":null,"netIncomeFromContinuingOps":"378603000.00","netIncomeApplicableToCommonShares":"368852000.00"},"quarterly_last_1":{"date":"2019-03-31","filing_date":null,"researchDevelopment":null,"effectOfAccountingCharges":null,"incomeBeforeTax":"429097000.00","minorityInterest":"754834000.00","netIncome":"293653000.00","sellingGeneralAdministrative":"111945000.00","grossProfit":"515357000.00","ebit":"450045000.00","operatingIncome":"450045000.00","otherOperatingExpenses":"-46633000.00","interestExpense":"-20948000.00","extraordinaryItems":null,"nonRecurring":null,"otherItems":null,"incomeTaxExpense":"114237000.00","totalRevenue":"5009831000.00","totalOperatingExpenses":"4559786000.00","costOfRevenue":"4494474000.00","totalOtherIncomeExpenseNet":"-20948000.00","discontinuedOperations":null,"netIncomeFromContinuingOps":"314860000.00","netIncomeApplicableToCommonShares":"293653000.00"},"quarterly_last_2":{"date":"2018-12-31","filing_date":null,"researchDevelopment":null,"effectOfAccountingCharges":null,"incomeBeforeTax":"419305000.00","minorityInterest":"765237000.00","netIncome":"334158000.00","sellingGeneralAdministrative":"102038000.00","grossProfit":"445363000.00","ebit":"534288000.00","operatingIncome":"534288000.00","otherOperatingExpenses":"-190963000.00","interestExpense":"-159478000.00","extraordinaryItems":null,"nonRecurring":null,"otherItems":null,"incomeTaxExpense":"62621000.00","totalRevenue":"5015629000.00","totalOperatingExpenses":"4481341000.00","costOfRevenue":"4570266000.00","totalOtherIncomeExpenseNet":"-114983000.00","discontinuedOperations":null,"netIncomeFromContinuingOps":"356684000.00","netIncomeApplicableToCommonShares":"334158000.00"},"quarterly_last_3":{"date":"2018-09-30","filing_date":null,"researchDevelopment":null,"effectOfAccountingCharges":null,"incomeBeforeTax":"229486000.00","minorityInterest":"744814000.00","netIncome":"170030000.00","sellingGeneralAdministrative":"101973000.00","grossProfit":"310625000.00","ebit":"249830000.00","operatingIncome":"249830000.00","otherOperatingExpenses":"-41178000.00","interestExpense":"-20344000.00","extraordinaryItems":null,"nonRecurring":null,"otherItems":null,"incomeTaxExpense":"36867000.00","totalRevenue":"4839898000.00","totalOperatingExpenses":"4590068000.00","costOfRevenue":"4529273000.00","totalOtherIncomeExpenseNet":"-20344000.00","discontinuedOperations":null,"netIncomeFromContinuingOps":"192619000.00","netIncomeApplicableToCommonShares":"170030000.00"},"yearly_last_0":{"date":"2018-12-31","filing_date":null,"researchDevelopment":null,"effectOfAccountingCharges":null,"incomeBeforeTax":"1518388000.00","minorityInterest":"765237000.00","netIncome":"1059493000.00","sellingGeneralAdministrative":"423343000.00","grossProfit":"1821400000.00","ebit":"1691399000.00","operatingIncome":"1691399000.00","otherOperatingExpenses":"-293342000.00","interestExpense":"-217506000.00","extraordinaryItems":null,"nonRecurring":null,"otherItems":null,"incomeTaxExpense":"372861000.00","totalRevenue":"18944843000.00","totalOperatingExpenses":"17253444000.00","costOfRevenue":"17123443000.00","totalOtherIncomeExpenseNet":"-173011000.00","discontinuedOperations":null,"netIncomeFromContinuingOps":"1145527000.00","netIncomeApplicableToCommonShares":"1059493000.00"},"yearly_last_1":{"date":"2017-12-31","filing_date":"0000-00-00","researchDevelopment":null,"effectOfAccountingCharges":null,"incomeBeforeTax":"1292619000.00","minorityInterest":"758080000.00","netIncome":"958555000.00","sellingGeneralAdministrative":"411297000.00","grossProfit":"1611858000.00","ebit":"1537104000.00","operatingIncome":"1537104000.00","otherOperatingExpenses":"-336543000.00","interestExpense":"-234606000.00","extraordinaryItems":null,"nonRecurring":null,"otherItems":null,"incomeTaxExpense":"248042000.00","totalRevenue":"17544192000.00","totalOperatingExpenses":"16007088000.00","costOfRevenue":"15932334000.00","totalOtherIncomeExpenseNet":"-244485000.00","discontinuedOperations":null,"netIncomeFromContinuingOps":"1044577000.00","netIncomeApplicableToCommonShares":"958555000.00"},"yearly_last_2":{"date":"2016-12-31","filing_date":"0000-00-00","researchDevelopment":null,"effectOfAccountingCharges":null,"incomeBeforeTax":"1617655000.00","minorityInterest":"743317000.00","netIncome":"1171229000.00","sellingGeneralAdministrative":"401545000.00","grossProfit":"1925307000.00","ebit":"1796336000.00","operatingIncome":"1796336000.00","otherOperatingExpenses":"-272574000.00","interestExpense":"-219817000.00","extraordinaryItems":null,"nonRecurring":null,"otherItems":null,"incomeTaxExpense":"391229000.00","totalRevenue":"16082660000.00","totalOperatingExpenses":"14286324000.00","costOfRevenue":"14157353000.00","totalOtherIncomeExpenseNet":"-178681000.00","discontinuedOperations":null,"netIncomeFromContinuingOps":"1226426000.00","netIncomeApplicableToCommonShares":"1171229000.00"},"yearly_last_3":{"date":"2015-12-31","filing_date":"0000-00-00","researchDevelopment":null,"effectOfAccountingCharges":null,"incomeBeforeTax":"1670920000.00","minorityInterest":"709126000.00","netIncome":"1150725000.00","sellingGeneralAdministrative":"398512000.00","grossProfit":"1957334000.00","ebit":"1818063000.00","operatingIncome":"1818063000.00","otherOperatingExpenses":"-259241000.00","interestExpense":"-232439000.00","extraordinaryItems":null,"nonRecurring":null,"otherItems":null,"incomeTaxExpense":"456207000.00","totalRevenue":"16327290000.00","totalOperatingExpenses":"14509227000.00","costOfRevenue":"14369956000.00","totalOtherIncomeExpenseNet":"-147143000.00","discontinuedOperations":null,"netIncomeFromContinuingOps":"1214713000.00","netIncomeApplicableToCommonShares":"1150725000.00"}}}},"9":{"General":{"Code":"A4S","Type":"Common Stock","Name":"Ameriprise Financial, Inc","Exchange":"F","CurrencyCode":"EUR","CurrencyName":"Euro","CurrencySymbol":"\u20ac","CountryName":"Germany","CountryISO":"DE","ISIN":null,"Sector":"Financial Services","Industry":"Asset Management","Description":"Ameriprise Financial, Inc., through its subsidiaries, provides various financial products and services to individual and institutional clients in the United States and internationally. It operates through five segments: Advice & Wealth Management, Asset Management, Annuities, Protection, and Corporate & Other. The Advice & Wealth Management segment provides financial planning and advice, as well as full-service brokerage services primarily to retail clients through its advisors. The Asset Management segment offers investment management and advice, and investment products to retail, high net worth, and institutional clients through unaffiliated third party financial institutions and institutional sales force. Its products also include U.S. mutual funds and their non-U.S. equivalents, exchange-traded funds, variable product funds underlying insurance, and annuity separate accounts; and institutional asset management products, such as traditional asset classes, separately managed accounts, individually managed accounts, collateralized loan obligations, hedge funds, collective funds, and property funds. The Annuities segment provides variable and fixed annuity products to individual clients through affiliated and unaffiliated advisors, and financial institutions. The Protection segment offers various products to address the protection and risk management needs of retail clients, including life, disability income, and property casualty insurance through advisors and affinity relationships. The Corporate & Other segment consist of long term care business, net investment income or loss on corporate level assets. The company was formerly known as American Express Financial Corporation and changed its name to Ameriprise Financial, Inc. in September 2005. Ameriprise Financial, Inc. was founded in 1894 and is headquartered in Minneapolis, Minnesota.","FullTimeEmployees":14000,"UpdatedAt":"2019-09-24"},"Highlights":{"MarketCapitalization":17064012800,"MarketCapitalizationMln":"17064.0128","EBITDA":3592000000,"PERatio":"9.6031","PEGRatio":"0.0000","WallStreetTargetPrice":null,"BookValue":"45.9280","DividendShare":"3.4900","DividendYield":"0.0260","EarningsShare":"13.5790","EPSEstimateCurrentYear":null,"EPSEstimateNextYear":null,"EPSEstimateNextQuarter":null,"MostRecentQuarter":"2019-06-30","ProfitMargin":"0.1489","OperatingMarginTTM":"0.2631","ReturnOnAssetsTTM":"0.0146","ReturnOnEquityTTM":"0.3308","RevenueTTM":"12958999552.00","RevenuePerShareTTM":"92.4320","QuarterlyRevenueGrowthYOY":"0.0210","GrossProfitTTM":"6663000000.00","DilutedEpsTTM":"13.5790","QuarterlyEarningsGrowthYOY":"0.1520"},"Valuation":{"TrailingPE":"9.6031","ForwardPE":null,"PriceSalesTTM":null,"PriceBookMRQ":"2.8392","EnterpriseValueRevenue":"1.3470","EnterpriseValueEbitda":"4.8580"},"Technicals":{"Beta":"1.0983","52WeekHigh":"136.1200","52WeekLow":"87.4600","50DayMA":"120.5663","200DayMA":"125.2749","SharesShort":null,"SharesShortPriorMonth":null,"ShortRatio":null,"ShortPercent":null},"SplitsDividends":{"ForwardAnnualDividendRate":"3.4900","ForwardAnnualDividendYield":"0.0260","PayoutRatio":"0.2706","DividendDate":"0000-00-00","ExDividendDate":"2019-08-02","LastSplitFactor":"","LastSplitDate":"0000-00-00"},"Earnings":{"Last_0":{"date":"0000-00-00","epsActual":0,"epsEstimate":0,"epsDifference":0,"surprisePercent":0},"Last_1":{"date":"0000-00-00","epsActual":0,"epsEstimate":0,"epsDifference":0,"surprisePercent":0},"Last_2":{"date":"0000-00-00","epsActual":0,"epsEstimate":0,"epsDifference":0,"surprisePercent":0},"Last_3":{"date":"0000-00-00","epsActual":0,"epsEstimate":0,"epsDifference":0,"surprisePercent":0}},"Financials":{"Balance_Sheet":{"currency_symbol":"GBP","quarterly_last_0":{"date":"2019-06-30","filing_date":null,"intangibleAssets":null,"totalLiab":"142648000000.00","totalStockholderEquity":"6030000000.00","deferredLongTermLiab":"3047000000.00","otherCurrentLiab":"5591000000.00","totalAssets":"148678000000.00","commonStock":"3000000.00","otherCurrentAssets":"6626000000.00","retainedEarnings":"13530000000.00","otherLiab":"129703000000.00","goodWill":null,"otherAssets":"93554000000.00","cash":"4361000000.00","totalCurrentLiabilities":"7888000000.00","shortLongTermDebt":"410000000.00","otherStockholderEquity":"269000000.00","propertyPlantEquipment":"281000000.00","totalCurrentAssets":"19836000000.00","longTermInvestments":"35007000000.00","netTangibleAssets":"6030000000.00","shortTermInvestments":null,"netReceivables":"7435000000.00","longTermDebt":"4747000000.00","inventory":null,"accountsPayable":"1686000000.00"},"quarterly_last_1":{"date":"2019-03-31","filing_date":null,"intangibleAssets":null,"totalLiab":"138560000000.00","totalStockholderEquity":"5843000000.00","deferredLongTermLiab":"3108000000.00","otherCurrentLiab":"4814000000.00","totalAssets":"144403000000.00","commonStock":"3000000.00","otherCurrentAssets":"6667000000.00","retainedEarnings":"13172000000.00","otherLiab":"126210000000.00","goodWill":null,"otherAssets":"92317000000.00","cash":"3347000000.00","totalCurrentLiabilities":"6977000000.00","shortLongTermDebt":"366000000.00","otherStockholderEquity":"35000000.00","propertyPlantEquipment":"271000000.00","totalCurrentAssets":"18412000000.00","longTermInvestments":"33403000000.00","netTangibleAssets":"5843000000.00","shortTermInvestments":null,"netReceivables":"7462000000.00","longTermDebt":"5070000000.00","inventory":null,"accountsPayable":"1596000000.00"},"quarterly_last_2":{"date":"2018-12-31","filing_date":null,"intangibleAssets":null,"totalLiab":"131628000000.00","totalStockholderEquity":"5588000000.00","deferredLongTermLiab":"3027000000.00","otherCurrentLiab":"3186000000.00","totalAssets":"137216000000.00","commonStock":"3000000.00","otherCurrentAssets":"4688000000.00","retainedEarnings":"12909000000.00","otherLiab":"121338000000.00","goodWill":null,"otherAssets":"85784000000.00","cash":"3097000000.00","totalCurrentLiabilities":"5680000000.00","shortLongTermDebt":"424000000.00","otherStockholderEquity":"-291000000.00","propertyPlantEquipment":"635000000.00","totalCurrentAssets":"14766000000.00","longTermInvestments":"36031000000.00","netTangibleAssets":"5588000000.00","shortTermInvestments":null,"netReceivables":"6185000000.00","longTermDebt":"4585000000.00","inventory":null,"accountsPayable":"1862000000.00"},"quarterly_last_3":{"date":"2018-09-30","filing_date":null,"intangibleAssets":null,"totalLiab":"139573000000.00","totalStockholderEquity":"5618000000.00","deferredLongTermLiab":"3205000000.00","otherCurrentLiab":"3290000000.00","totalAssets":"145191000000.00","commonStock":"3000000.00","otherCurrentAssets":"4956000000.00","retainedEarnings":"12498000000.00","otherLiab":"129372000000.00","goodWill":null,"otherAssets":"96073000000.00","cash":"2478000000.00","totalCurrentLiabilities":"5961000000.00","shortLongTermDebt":"603000000.00","otherStockholderEquity":"-244000000.00","propertyPlantEquipment":null,"totalCurrentAssets":"14098000000.00","longTermInvestments":"35020000000.00","netTangibleAssets":"5618000000.00","shortTermInvestments":null,"netReceivables":"6047000000.00","longTermDebt":"4212000000.00","inventory":null,"accountsPayable":"1867000000.00"},"yearly_last_0":{"date":"2018-12-31","filing_date":null,"intangibleAssets":null,"totalLiab":"131628000000.00","totalStockholderEquity":"5588000000.00","deferredLongTermLiab":"3027000000.00","otherCurrentLiab":"3186000000.00","totalAssets":"137216000000.00","commonStock":"3000000.00","otherCurrentAssets":"4688000000.00","retainedEarnings":"12909000000.00","otherLiab":"121338000000.00","goodWill":null,"otherAssets":"85784000000.00","cash":"3097000000.00","totalCurrentLiabilities":"5680000000.00","shortLongTermDebt":"424000000.00","otherStockholderEquity":"-291000000.00","propertyPlantEquipment":"635000000.00","totalCurrentAssets":"14766000000.00","longTermInvestments":"36031000000.00","netTangibleAssets":"5588000000.00","shortTermInvestments":null,"netReceivables":"6185000000.00","longTermDebt":"4585000000.00","inventory":null,"accountsPayable":"1862000000.00"},"yearly_last_1":{"date":"2017-12-31","filing_date":null,"intangibleAssets":null,"totalLiab":"141485000000.00","totalStockholderEquity":"5995000000.00","deferredLongTermLiab":"2952000000.00","otherCurrentLiab":"3479000000.00","totalAssets":"147480000000.00","commonStock":"3000000.00","otherCurrentAssets":"5606000000.00","retainedEarnings":"11326000000.00","otherLiab":"130306000000.00","goodWill":null,"otherAssets":"95381000000.00","cash":"2620000000.00","totalCurrentLiabilities":"6082000000.00","shortLongTermDebt":"416000000.00","otherStockholderEquity":"229000000.00","propertyPlantEquipment":"626000000.00","totalCurrentAssets":"15117000000.00","longTermInvestments":"36356000000.00","netTangibleAssets":"5995000000.00","shortTermInvestments":null,"netReceivables":"5787000000.00","longTermDebt":"5059000000.00","inventory":null,"accountsPayable":"1975000000.00"},"yearly_last_2":{"date":"2016-12-31","filing_date":null,"intangibleAssets":null,"totalLiab":"133529000000.00","totalStockholderEquity":"6292000000.00","deferredLongTermLiab":"2950000000.00","otherCurrentLiab":"3273000000.00","totalAssets":"139821000000.00","commonStock":"3000000.00","otherCurrentAssets":"4999000000.00","retainedEarnings":"10351000000.00","otherLiab":"122093000000.00","goodWill":null,"otherAssets":"88153000000.00","cash":"2486000000.00","totalCurrentLiabilities":"6200000000.00","shortLongTermDebt":"989000000.00","otherStockholderEquity":"200000000.00","propertyPlantEquipment":"607000000.00","totalCurrentAssets":"14573000000.00","longTermInvestments":"36488000000.00","netTangibleAssets":"6292000000.00","shortTermInvestments":null,"netReceivables":"5310000000.00","longTermDebt":"5187000000.00","inventory":null,"accountsPayable":"1727000000.00"},"yearly_last_3":{"date":"2015-12-31","filing_date":null,"intangibleAssets":null,"totalLiab":"136960000000.00","totalStockholderEquity":"7191000000.00","deferredLongTermLiab":"3065000000.00","otherCurrentLiab":"3331000000.00","totalAssets":"145339000000.00","commonStock":"3000000.00","otherCurrentAssets":"4596000000.00","retainedEarnings":"9662000000.00","otherLiab":"120582000000.00","goodWill":null,"otherAssets":"90232000000.00","cash":"2859000000.00","totalCurrentLiabilities":"6155000000.00","shortLongTermDebt":"969000000.00","otherStockholderEquity":"253000000.00","propertyPlantEquipment":"724000000.00","totalCurrentAssets":"14669000000.00","longTermInvestments":"39714000000.00","netTangibleAssets":"7191000000.00","shortTermInvestments":null,"netReceivables":"5274000000.00","longTermDebt":"10163000000.00","inventory":null,"accountsPayable":"1652000000.00"}},"Cash_Flow":{"currency_symbol":"GBP","quarterly_last_0":{"date":"2019-06-30","filing_date":null,"investments":"-1135000000.00","changeToLiabilities":"86000000.00","totalCashflowsFromInvestingActivities":"-1148000000.00","netBorrowings":"-325000000.00","totalCashFromFinancingActivities":"1205000000.00","changeToOperatingActivities":"374000000.00","netIncome":"492000000.00","changeInCash":"977000000.00","totalCashFromOperatingActivities":"980000000.00","depreciation":"45000000.00","otherCashflowsFromInvestingActivities":"40000000.00","dividendsPaid":"-129000000.00","changeToInventory":null,"changeToAccountReceivables":"-5000000.00","salePurchaseOfStock":null,"otherCashflowsFromFinancingActivities":"2101000000.00","changeToNetincome":"-12000000.00","capitalExpenditures":"36000000.00"},"quarterly_last_1":{"date":"2019-03-31","filing_date":null,"investments":"-120000000.00","changeToLiabilities":"-177000000.00","totalCashflowsFromInvestingActivities":"-481000000.00","netBorrowings":"482000000.00","totalCashFromFinancingActivities":"291000000.00","changeToOperatingActivities":"-252000000.00","netIncome":"395000000.00","changeInCash":"-122000000.00","totalCashFromOperatingActivities":"172000000.00","depreciation":"46000000.00","otherCashflowsFromInvestingActivities":"-351000000.00","dividendsPaid":"-124000000.00","changeToInventory":null,"changeToAccountReceivables":"125000000.00","salePurchaseOfStock":null,"otherCashflowsFromFinancingActivities":"317000000.00","changeToNetincome":"35000000.00","capitalExpenditures":"31000000.00"},"quarterly_last_2":{"date":"2018-12-31","filing_date":null,"investments":"-167000000.00","changeToLiabilities":"-2000000.00","totalCashflowsFromInvestingActivities":"-238000000.00","netBorrowings":"-31000000.00","totalCashFromFinancingActivities":"-59000000.00","changeToOperatingActivities":"978000000.00","netIncome":"539000000.00","changeInCash":"1186000000.00","totalCashFromOperatingActivities":"1488000000.00","depreciation":"46000000.00","otherCashflowsFromInvestingActivities":"-14000000.00","dividendsPaid":"-126000000.00","changeToInventory":null,"changeToAccountReceivables":"-134000000.00","salePurchaseOfStock":null,"otherCashflowsFromFinancingActivities":"536000000.00","changeToNetincome":"61000000.00","capitalExpenditures":"45000000.00"},"quarterly_last_3":{"date":"2018-09-30","filing_date":null,"investments":"-492000000.00","changeToLiabilities":"122000000.00","totalCashflowsFromInvestingActivities":"-565000000.00","netBorrowings":"-51000000.00","totalCashFromFinancingActivities":"-57000000.00","changeToOperatingActivities":"16000000.00","netIncome":"503000000.00","changeInCash":"-77000000.00","totalCashFromOperatingActivities":"548000000.00","depreciation":"45000000.00","otherCashflowsFromInvestingActivities":"-30000000.00","dividendsPaid":"-127000000.00","changeToInventory":null,"changeToAccountReceivables":"-143000000.00","salePurchaseOfStock":null,"otherCashflowsFromFinancingActivities":"484000000.00","changeToNetincome":"5000000.00","capitalExpenditures":"48000000.00"},"yearly_last_0":{"date":"2018-12-31","filing_date":null,"investments":"-429000000.00","changeToLiabilities":"-100000000.00","totalCashflowsFromInvestingActivities":"-587000000.00","netBorrowings":"-606000000.00","totalCashFromFinancingActivities":"-1263000000.00","changeToOperatingActivities":"635000000.00","netIncome":"2098000000.00","changeInCash":"739000000.00","totalCashFromOperatingActivities":"2597000000.00","depreciation":"198000000.00","otherCashflowsFromInvestingActivities":"-56000000.00","dividendsPaid":"-506000000.00","changeToInventory":null,"changeToAccountReceivables":"-398000000.00","salePurchaseOfStock":null,"otherCashflowsFromFinancingActivities":"1477000000.00","changeToNetincome":"164000000.00","capitalExpenditures":"162000000.00"},"yearly_last_1":{"date":"2017-12-31","filing_date":"0000-00-00","investments":"-117000000.00","changeToLiabilities":"206000000.00","totalCashflowsFromInvestingActivities":"-171000000.00","netBorrowings":"-129000000.00","totalCashFromFinancingActivities":"-1785000000.00","changeToOperatingActivities":"-265000000.00","netIncome":"1480000000.00","changeInCash":"-398000000.00","totalCashFromOperatingActivities":"1523000000.00","depreciation":"234000000.00","otherCashflowsFromInvestingActivities":"-112000000.00","dividendsPaid":"-491000000.00","changeToInventory":null,"changeToAccountReceivables":"-457000000.00","salePurchaseOfStock":"15000000.00","otherCashflowsFromFinancingActivities":"305000000.00","changeToNetincome":"325000000.00","capitalExpenditures":"162000000.00"},"yearly_last_2":{"date":"2016-12-31","filing_date":"0000-00-00","investments":"-1151000000.00","changeToLiabilities":"174000000.00","totalCashflowsFromInvestingActivities":"-783000000.00","netBorrowings":"-278000000.00","totalCashFromFinancingActivities":"-1142000000.00","changeToOperatingActivities":"648000000.00","netIncome":"1313000000.00","changeInCash":"-15000000.00","totalCashFromOperatingActivities":"2331000000.00","depreciation":"248000000.00","otherCashflowsFromInvestingActivities":"101000000.00","dividendsPaid":"-479000000.00","changeToInventory":null,"changeToAccountReceivables":"-150000000.00","salePurchaseOfStock":"9000000.00","otherCashflowsFromFinancingActivities":"1313000000.00","changeToNetincome":"98000000.00","capitalExpenditures":"92000000.00"},"yearly_last_3":{"date":"2015-12-31","filing_date":"0000-00-00","investments":"-465000000.00","changeToLiabilities":"82000000.00","totalCashflowsFromInvestingActivities":"-509000000.00","netBorrowings":"521000000.00","totalCashFromFinancingActivities":"-2396000000.00","changeToOperatingActivities":"1067000000.00","netIncome":"1562000000.00","changeInCash":"-235000000.00","totalCashFromOperatingActivities":"2691000000.00","depreciation":"248000000.00","otherCashflowsFromInvestingActivities":"16000000.00","dividendsPaid":"-465000000.00","changeToInventory":null,"changeToAccountReceivables":"-277000000.00","salePurchaseOfStock":"16000000.00","otherCashflowsFromFinancingActivities":"-727000000.00","changeToNetincome":"9000000.00","capitalExpenditures":"133000000.00"}},"Income_Statement":{"currency_symbol":"GBP","quarterly_last_0":{"date":"2019-06-30","filing_date":null,"researchDevelopment":null,"effectOfAccountingCharges":null,"incomeBeforeTax":"587000000.00","minorityInterest":null,"netIncome":"492000000.00","sellingGeneralAdministrative":"823000000.00","grossProfit":"1692000000.00","ebit":"869000000.00","operatingIncome":"869000000.00","otherOperatingExpenses":null,"interestExpense":"-282000000.00","extraordinaryItems":null,"nonRecurring":null,"otherItems":null,"incomeTaxExpense":"95000000.00","totalRevenue":"3282000000.00","totalOperatingExpenses":"2413000000.00","costOfRevenue":"1590000000.00","totalOtherIncomeExpenseNet":"-282000000.00","discontinuedOperations":null,"netIncomeFromContinuingOps":"492000000.00","netIncomeApplicableToCommonShares":"492000000.00"},"quarterly_last_1":{"date":"2019-03-31","filing_date":null,"researchDevelopment":null,"effectOfAccountingCharges":null,"incomeBeforeTax":"470000000.00","minorityInterest":null,"netIncome":"395000000.00","sellingGeneralAdministrative":"805000000.00","grossProfit":"1567000000.00","ebit":"762000000.00","operatingIncome":"762000000.00","otherOperatingExpenses":null,"interestExpense":"-292000000.00","extraordinaryItems":null,"nonRecurring":null,"otherItems":null,"incomeTaxExpense":"75000000.00","totalRevenue":"3153000000.00","totalOperatingExpenses":"2391000000.00","costOfRevenue":"1586000000.00","totalOtherIncomeExpenseNet":"-292000000.00","discontinuedOperations":null,"netIncomeFromContinuingOps":"395000000.00","netIncomeApplicableToCommonShares":"395000000.00"},"quarterly_last_2":{"date":"2018-12-31","filing_date":null,"researchDevelopment":null,"effectOfAccountingCharges":null,"incomeBeforeTax":"652000000.00","minorityInterest":null,"netIncome":"539000000.00","sellingGeneralAdministrative":"789000000.00","grossProfit":"1712000000.00","ebit":"923000000.00","operatingIncome":"923000000.00","otherOperatingExpenses":null,"interestExpense":"-268000000.00","extraordinaryItems":null,"nonRecurring":null,"otherItems":null,"incomeTaxExpense":"113000000.00","totalRevenue":"3208000000.00","totalOperatingExpenses":"2285000000.00","costOfRevenue":"1496000000.00","totalOtherIncomeExpenseNet":"-271000000.00","discontinuedOperations":null,"netIncomeFromContinuingOps":"539000000.00","netIncomeApplicableToCommonShares":"539000000.00"},"quarterly_last_3":{"date":"2018-09-30","filing_date":null,"researchDevelopment":null,"effectOfAccountingCharges":null,"incomeBeforeTax":"588000000.00","minorityInterest":null,"netIncome":"503000000.00","sellingGeneralAdministrative":"793000000.00","grossProfit":"1642000000.00","ebit":"849000000.00","operatingIncome":"849000000.00","otherOperatingExpenses":null,"interestExpense":"-252000000.00","extraordinaryItems":null,"nonRecurring":null,"otherItems":null,"incomeTaxExpense":"85000000.00","totalRevenue":"3316000000.00","totalOperatingExpenses":"2467000000.00","costOfRevenue":"1674000000.00","totalOtherIncomeExpenseNet":"-261000000.00","discontinuedOperations":null,"netIncomeFromContinuingOps":"503000000.00","netIncomeApplicableToCommonShares":"503000000.00"},"yearly_last_0":{"date":"2018-12-31","filing_date":null,"researchDevelopment":null,"effectOfAccountingCharges":null,"incomeBeforeTax":"2484000000.00","minorityInterest":null,"netIncome":"2098000000.00","sellingGeneralAdministrative":"3152000000.00","grossProfit":"6663000000.00","ebit":"3511000000.00","operatingIncome":"3511000000.00","otherOperatingExpenses":null,"interestExpense":"-1008000000.00","extraordinaryItems":null,"nonRecurring":null,"otherItems":null,"incomeTaxExpense":"386000000.00","totalRevenue":"12924000000.00","totalOperatingExpenses":"9413000000.00","costOfRevenue":"6261000000.00","totalOtherIncomeExpenseNet":"-1027000000.00","discontinuedOperations":null,"netIncomeFromContinuingOps":"2098000000.00","netIncomeApplicableToCommonShares":"2098000000.00"},"yearly_last_1":{"date":"2017-12-31","filing_date":"0000-00-00","researchDevelopment":null,"effectOfAccountingCharges":null,"incomeBeforeTax":"2214000000.00","minorityInterest":null,"netIncome":"1480000000.00","sellingGeneralAdministrative":"3153000000.00","grossProfit":"6283000000.00","ebit":"3130000000.00","operatingIncome":"3130000000.00","otherOperatingExpenses":"3666000000.00","interestExpense":"-911000000.00","extraordinaryItems":null,"nonRecurring":null,"otherItems":null,"incomeTaxExpense":"734000000.00","totalRevenue":"12180000000.00","totalOperatingExpenses":"9050000000.00","costOfRevenue":"5897000000.00","totalOtherIncomeExpenseNet":"-916000000.00","discontinuedOperations":null,"netIncomeFromContinuingOps":"1480000000.00","netIncomeApplicableToCommonShares":"1480000000.00"},"yearly_last_2":{"date":"2016-12-31","filing_date":"0000-00-00","researchDevelopment":null,"effectOfAccountingCharges":null,"incomeBeforeTax":"1591000000.00","minorityInterest":null,"netIncome":"1313000000.00","sellingGeneralAdministrative":"3061000000.00","grossProfit":"5578000000.00","ebit":"2517000000.00","operatingIncome":"2517000000.00","otherOperatingExpenses":"3617000000.00","interestExpense":"-903000000.00","extraordinaryItems":null,"nonRecurring":null,"otherItems":null,"incomeTaxExpense":"278000000.00","totalRevenue":"11839000000.00","totalOperatingExpenses":"9322000000.00","costOfRevenue":"6261000000.00","totalOtherIncomeExpenseNet":"-926000000.00","discontinuedOperations":null,"netIncomeFromContinuingOps":"1313000000.00","netIncomeApplicableToCommonShares":"1313000000.00"},"yearly_last_3":{"date":"2015-12-31","filing_date":"0000-00-00","researchDevelopment":null,"effectOfAccountingCharges":null,"incomeBeforeTax":"2142000000.00","minorityInterest":"1188000000.00","netIncome":"1562000000.00","sellingGeneralAdministrative":"3077000000.00","grossProfit":"6302000000.00","ebit":"3225000000.00","operatingIncome":"3225000000.00","otherOperatingExpenses":"3630000000.00","interestExpense":"-1085000000.00","extraordinaryItems":null,"nonRecurring":null,"otherItems":null,"incomeTaxExpense":"455000000.00","totalRevenue":"12193000000.00","totalOperatingExpenses":"8968000000.00","costOfRevenue":"5891000000.00","totalOtherIncomeExpenseNet":"-1083000000.00","discontinuedOperations":null,"netIncomeFromContinuingOps":"1687000000.00","netIncomeApplicableToCommonShares":"1562000000.00"}}}}}