{"0":{"General":{"Code":"3CAA","Type":"Common Stock","Name":"China Automation Group Limited","Exchange":"F","CurrencyCode":"EUR","CurrencyName":"Euro","CurrencySymbol":"\u20ac","CountryName":"Germany","CountryISO":"DE","ISIN":null,"Sector":"Industrials","Industry":"Diversified Industrials","Description":"China Automation Group Limited, an investment holding company, provides safety and critical control systems in the People's Republic of China, the United States, Japan, and Singapore. It operates through Petrochemical and Hospital Services segments. The company offers safety and critical control systems, including integrated turbine and compressor controls, intelligent machinery expert control and safety operation management systems, integrated turbine and compressor controls\u0096operation training systems, emergency shutdown devices, and fire and gas systems; and control valves. It also sells software products to the petrochemical, chemical, oil and gas, biodiesel, and coal chemical industries; trades in equipment and automation products; provides maintenance and engineering, and design and consultation services; provides healthcare services; and sells pharmaceutical products. In addition, the company offers industrial turbo machinery process controls; systems design and devintangibleAssetselopment; software development and integrated circuit design; and energy-saving and environmental technology services. Further, it distributes, trains, and engineers instrumentation and control products; designs, develops, and sells construction material for railway and highroad; and researches and develops, and programs and licenses software. Additionally, it manufactures steel-casting; develops and sells real estate; and produces biodiesel fuel and related technology services; develops new energy; and sells power generation equipment. The company also engages in infrastructure and investment management activities. The company was founded in 1999 and is headquartered in Beijing, China. China Automation Group Limited is a subsidiary of Araco Investment Limited.","FullTimeEmployees":2356,"UpdatedAt":"2019-09-24"},"Highlights":{"MarketCapitalization":200017584,"MarketCapitalizationMln":"200.0176","EBITDA":null,"PERatio":null,"PEGRatio":"0.0000","WallStreetTargetPrice":null,"BookValue":"0.1600","DividendShare":null,"DividendYield":"0.0000","EarningsShare":"-0.0330","EPSEstimateCurrentYear":null,"EPSEstimateNextYear":null,"EPSEstimateNextQuarter":null,"MostRecentQuarter":"2019-06-30","ProfitMargin":"-0.0125","OperatingMarginTTM":"0.0000","ReturnOnAssetsTTM":"0.0236","ReturnOnEquityTTM":"-0.0050","RevenueTTM":null,"RevenuePerShareTTM":null,"QuarterlyRevenueGrowthYOY":"0.1970","GrossProfitTTM":"575699000.00","DilutedEpsTTM":"-0.0330","QuarterlyEarningsGrowthYOY":null},"Valuation":{"TrailingPE":null,"ForwardPE":null,"PriceSalesTTM":null,"PriceBookMRQ":"1.0000","EnterpriseValueRevenue":null,"EnterpriseValueEbitda":null},"Technicals":{"Beta":"-0.3309","52WeekHigh":"0.2000","52WeekLow":"0.0800","50DayMA":"0.1324","200DayMA":"0.1197","SharesShort":null,"SharesShortPriorMonth":null,"ShortRatio":null,"ShortPercent":null},"SplitsDividends":{"ForwardAnnualDividendRate":null,"ForwardAnnualDividendYield":"0.0000","PayoutRatio":"0.0000","DividendDate":"0000-00-00","ExDividendDate":"2013-05-31","LastSplitFactor":"","LastSplitDate":"0000-00-00"},"Earnings":{"Last_0":{"date":"0000-00-00","epsActual":0,"epsEstimate":0,"epsDifference":0,"surprisePercent":0},"Last_1":{"date":"0000-00-00","epsActual":0,"epsEstimate":0,"epsDifference":0,"surprisePercent":0},"Last_2":{"date":"0000-00-00","epsActual":0,"epsEstimate":0,"epsDifference":0,"surprisePercent":0},"Last_3":{"date":"0000-00-00","epsActual":0,"epsEstimate":0,"epsDifference":0,"surprisePercent":0}},"Financials":{"Balance_Sheet":{"currency_symbol":"USD","quarterly_last_0":{"date":"2019-06-30","filing_date":null,"intangibleAssets":"256565000.00","totalLiab":"3727544000.00","totalStockholderEquity":"1058216000.00","deferredLongTermLiab":null,"otherCurrentLiab":"517740000.00","totalAssets":"5003100000.00","commonStock":"9548000.00","otherCurrentAssets":"276770000.00","retainedEarnings":"368628000.00","otherLiab":"463776000.00","goodWill":"445500000.00","otherAssets":"294992000.00","cash":"659382000.00","totalCurrentLiabilities":"1903169000.00","shortLongTermDebt":"706981000.00","otherStockholderEquity":"31673000.00","propertyPlantEquipment":"1341493000.00","totalCurrentAssets":"2627263000.00","longTermInvestments":"37287000.00","netTangibleAssets":"356151000.00","shortTermInvestments":null,"netReceivables":"1244032000.00","longTermDebt":"1338531000.00","inventory":"445208000.00","accountsPayable":"645872000.00"},"quarterly_last_1":{"date":"2019-03-31","filing_date":null,"intangibleAssets":"256565000.00","totalLiab":"3727544000.00","totalStockholderEquity":"1058216000.00","deferredLongTermLiab":null,"otherCurrentLiab":"517740000.00","totalAssets":"5003100000.00","commonStock":"9548000.00","otherCurrentAssets":"276770000.00","retainedEarnings":"368628000.00","otherLiab":"463776000.00","goodWill":"445500000.00","otherAssets":"294992000.00","cash":"659382000.00","totalCurrentLiabilities":"1903169000.00","shortLongTermDebt":"706981000.00","otherStockholderEquity":"31673000.00","propertyPlantEquipment":"1341493000.00","totalCurrentAssets":"2627263000.00","longTermInvestments":"37287000.00","netTangibleAssets":"356151000.00","shortTermInvestments":null,"netReceivables":"1244032000.00","longTermDebt":"1338531000.00","inventory":"445208000.00","accountsPayable":"645872000.00"},"quarterly_last_2":{"date":"2018-12-31","filing_date":null,"intangibleAssets":"204023000.00","totalLiab":"3511414000.00","totalStockholderEquity":"1166092000.00","deferredLongTermLiab":"53409000.00","otherCurrentLiab":"341699000.00","totalAssets":"4883194000.00","commonStock":"9548000.00","otherCurrentAssets":"163865000.00","retainedEarnings":"476231000.00","otherLiab":"476376000.00","goodWill":"445500000.00","otherAssets":"526699000.00","cash":"793475000.00","totalCurrentLiabilities":"1783846000.00","shortLongTermDebt":"695499000.00","otherStockholderEquity":"31946000.00","propertyPlantEquipment":"1008045000.00","totalCurrentAssets":"2660496000.00","longTermInvestments":"38431000.00","netTangibleAssets":"516569000.00","shortTermInvestments":null,"netReceivables":"1257993000.00","longTermDebt":"1251192000.00","inventory":"443474000.00","accountsPayable":"651903000.00"},"quarterly_last_3":{"date":"2018-09-30","filing_date":null,"intangibleAssets":"204023000.00","totalLiab":"3511414000.00","totalStockholderEquity":"1166092000.00","deferredLongTermLiab":"53409000.00","otherCurrentLiab":"341699000.00","totalAssets":"4883194000.00","commonStock":"9548000.00","otherCurrentAssets":"163865000.00","retainedEarnings":"476231000.00","otherLiab":"476376000.00","goodWill":"445500000.00","otherAssets":"526699000.00","cash":"793475000.00","totalCurrentLiabilities":"1783846000.00","shortLongTermDebt":"695499000.00","otherStockholderEquity":"31946000.00","propertyPlantEquipment":"1008045000.00","totalCurrentAssets":"2660496000.00","longTermInvestments":"38431000.00","netTangibleAssets":"516569000.00","shortTermInvestments":null,"netReceivables":"1257993000.00","longTermDebt":"1251192000.00","inventory":"443474000.00","accountsPayable":"651903000.00"},"yearly_last_0":{"date":"2018-12-31","filing_date":null,"intangibleAssets":"204023000.00","totalLiab":"3511414000.00","totalStockholderEquity":"1166092000.00","deferredLongTermLiab":"53409000.00","otherCurrentLiab":"341699000.00","totalAssets":"4883194000.00","commonStock":"9548000.00","otherCurrentAssets":"163865000.00","retainedEarnings":"476231000.00","otherLiab":"476376000.00","goodWill":"445500000.00","otherAssets":"526699000.00","cash":"793475000.00","totalCurrentLiabilities":"1783846000.00","shortLongTermDebt":"695499000.00","otherStockholderEquity":"31946000.00","propertyPlantEquipment":"1008045000.00","totalCurrentAssets":"2660496000.00","longTermInvestments":"38431000.00","netTangibleAssets":"516569000.00","shortTermInvestments":null,"netReceivables":"1257993000.00","longTermDebt":"1251192000.00","inventory":"443474000.00","accountsPayable":"651903000.00"},"yearly_last_1":{"date":"2017-12-31","filing_date":null,"intangibleAssets":"209787000.00","totalLiab":"2663270000.00","totalStockholderEquity":"1180420000.00","deferredLongTermLiab":"39349000.00","otherCurrentLiab":"318329000.00","totalAssets":"4031869000.00","commonStock":"9548000.00","otherCurrentAssets":"125980000.00","retainedEarnings":"472065000.00","otherLiab":"386400000.00","goodWill":"445500000.00","otherAssets":"407092000.00","cash":"308932000.00","totalCurrentLiabilities":"1338654000.00","shortLongTermDebt":"460496000.00","otherStockholderEquity":"50440000.00","propertyPlantEquipment":"923516000.00","totalCurrentAssets":"1999685000.00","longTermInvestments":"46289000.00","netTangibleAssets":"525133000.00","shortTermInvestments":"31000000.00","netReceivables":"1107781000.00","longTermDebt":"938216000.00","inventory":"425992000.00","accountsPayable":"492441000.00"},"yearly_last_2":{"date":"2016-12-31","filing_date":null,"intangibleAssets":"27030000.00","totalLiab":"2224126000.00","totalStockholderEquity":"1387640000.00","deferredLongTermLiab":"42243000.00","otherCurrentLiab":"362996000.00","totalAssets":"3736797000.00","commonStock":"9548000.00","otherCurrentAssets":"189877000.00","retainedEarnings":"680249000.00","otherLiab":"330707000.00","goodWill":"8890000.00","otherAssets":"420556000.00","cash":"168538000.00","totalCurrentLiabilities":"1223901000.00","shortLongTermDebt":"333803000.00","otherStockholderEquity":"49476000.00","propertyPlantEquipment":"883918000.00","totalCurrentAssets":"2334648000.00","longTermInvestments":"61755000.00","netTangibleAssets":"1351720000.00","shortTermInvestments":null,"netReceivables":"1494509000.00","longTermDebt":"669518000.00","inventory":"481724000.00","accountsPayable":"485228000.00"},"yearly_last_3":{"date":"2015-12-31","filing_date":null,"intangibleAssets":"30083000.00","totalLiab":"2167056000.00","totalStockholderEquity":"1773010000.00","deferredLongTermLiab":"51727000.00","otherCurrentLiab":"230966000.00","totalAssets":"4088237000.00","commonStock":"9548000.00","otherCurrentAssets":"126260000.00","retainedEarnings":"1064885000.00","otherLiab":"223665000.00","goodWill":"8890000.00","otherAssets":"230205000.00","cash":"601241000.00","totalCurrentLiabilities":"1526308000.00","shortLongTermDebt":"708368000.00","otherStockholderEquity":"50210000.00","propertyPlantEquipment":"633423000.00","totalCurrentAssets":"3092894000.00","longTermInvestments":"92742000.00","netTangibleAssets":"1734037000.00","shortTermInvestments":null,"netReceivables":"1730262000.00","longTermDebt":"417083000.00","inventory":"635131000.00","accountsPayable":"502410000.00"}},"Cash_Flow":{"currency_symbol":"USD","quarterly_last_0":{"date":"2019-06-30","filing_date":null,"investments":"351500.00","changeToLiabilities":"0.00","totalCashflowsFromInvestingActivities":"-83758500.00","netBorrowings":"-15096500.00","totalCashFromFinancingActivities":"-32538500.00","changeToOperatingActivities":null,"netIncome":"-53801500.00","changeInCash":"-67046500.00","totalCashFromOperatingActivities":"49185000.00","depreciation":"7997500.00","otherCashflowsFromInvestingActivities":"1271000.00","dividendsPaid":null,"changeToInventory":null,"changeToAccountReceivables":null,"salePurchaseOfStock":null,"otherCashflowsFromFinancingActivities":"-17442000.00","changeToNetincome":"94989000.00","capitalExpenditures":"81518500.00"},"quarterly_last_1":{"date":"2019-03-31","filing_date":null,"investments":"351500.00","changeToLiabilities":"0.00","totalCashflowsFromInvestingActivities":"-83758500.00","netBorrowings":"-15096500.00","totalCashFromFinancingActivities":"-32538500.00","changeToOperatingActivities":null,"netIncome":"-53801500.00","changeInCash":"-67046500.00","totalCashFromOperatingActivities":"49185000.00","depreciation":"7997500.00","otherCashflowsFromInvestingActivities":"1271000.00","dividendsPaid":null,"changeToInventory":null,"changeToAccountReceivables":null,"salePurchaseOfStock":null,"otherCashflowsFromFinancingActivities":"-17442000.00","changeToNetincome":"94989000.00","capitalExpenditures":"81518500.00"},"quarterly_last_2":{"date":"2018-12-31","filing_date":null,"investments":"20215500.00","changeToLiabilities":"126918000.00","totalCashflowsFromInvestingActivities":"-85856000.00","netBorrowings":"-94982500.00","totalCashFromFinancingActivities":"135975000.00","changeToOperatingActivities":"27281000.00","netIncome":"41020500.00","changeInCash":"200830500.00","totalCashFromOperatingActivities":"150060500.00","depreciation":"32012000.00","otherCashflowsFromInvestingActivities":"2886500.00","dividendsPaid":null,"changeToInventory":"-8741000.00","changeToAccountReceivables":"-96313000.00","salePurchaseOfStock":null,"otherCashflowsFromFinancingActivities":"230957500.00","changeToNetincome":"19082000.00","capitalExpenditures":"100520500.00"},"quarterly_last_3":{"date":"2018-09-30","filing_date":null,"investments":"20215500.00","changeToLiabilities":"126918000.00","totalCashflowsFromInvestingActivities":"-85856000.00","netBorrowings":"-94982500.00","totalCashFromFinancingActivities":"135975000.00","changeToOperatingActivities":"27281000.00","netIncome":"41020500.00","changeInCash":"200830500.00","totalCashFromOperatingActivities":"150060500.00","depreciation":"32012000.00","otherCashflowsFromInvestingActivities":"2886500.00","dividendsPaid":null,"changeToInventory":"-8741000.00","changeToAccountReceivables":"-96313000.00","salePurchaseOfStock":null,"otherCashflowsFromFinancingActivities":"230957500.00","changeToNetincome":"19082000.00","capitalExpenditures":"100520500.00"},"yearly_last_0":{"date":"2018-12-31","filing_date":null,"investments":"32655000.00","changeToLiabilities":"253836000.00","totalCashflowsFromInvestingActivities":"-213627000.00","netBorrowings":"-61665000.00","totalCashFromFinancingActivities":"373055000.00","changeToOperatingActivities":"54562000.00","netIncome":"-18480000.00","changeInCash":"484543000.00","totalCashFromOperatingActivities":"323269000.00","depreciation":"72117000.00","otherCashflowsFromInvestingActivities":"27245000.00","dividendsPaid":null,"changeToInventory":"-17482000.00","changeToAccountReceivables":"-192626000.00","salePurchaseOfStock":null,"otherCashflowsFromFinancingActivities":"434720000.00","changeToNetincome":"153740000.00","capitalExpenditures":"247380000.00"},"yearly_last_1":{"date":"2017-12-31","filing_date":"0000-00-00","investments":"38264000.00","changeToLiabilities":"37810000.00","totalCashflowsFromInvestingActivities":"129064000.00","netBorrowings":"-49024000.00","totalCashFromFinancingActivities":"-108038000.00","changeToOperatingActivities":"-73605000.00","netIncome":"-208184000.00","changeInCash":"129819000.00","totalCashFromOperatingActivities":"111517000.00","depreciation":"66760000.00","otherCashflowsFromInvestingActivities":"213555000.00","dividendsPaid":null,"changeToInventory":"26210000.00","changeToAccountReceivables":"230185000.00","salePurchaseOfStock":null,"otherCashflowsFromFinancingActivities":"-59014000.00","changeToNetincome":"25753000.00","capitalExpenditures":"111734000.00"},"yearly_last_2":{"date":"2016-12-31","filing_date":"0000-00-00","investments":"5059000.00","changeToLiabilities":"-21818000.00","totalCashflowsFromInvestingActivities":"-249205000.00","netBorrowings":"-231055000.00","totalCashFromFinancingActivities":"-296114000.00","changeToOperatingActivities":"117460000.00","netIncome":"-390757000.00","changeInCash":"-432703000.00","totalCashFromOperatingActivities":"119662000.00","depreciation":"50889000.00","otherCashflowsFromInvestingActivities":"7866000.00","dividendsPaid":null,"changeToInventory":"135739000.00","changeToAccountReceivables":"49970000.00","salePurchaseOfStock":null,"otherCashflowsFromFinancingActivities":"-65059000.00","changeToNetincome":"162801000.00","capitalExpenditures":"263791000.00"},"yearly_last_3":{"date":"2015-12-31","filing_date":"0000-00-00","investments":"5059000.00","changeToLiabilities":"63776000.00","totalCashflowsFromInvestingActivities":"613184000.00","netBorrowings":"-510535000.00","totalCashFromFinancingActivities":"-507631000.00","changeToOperatingActivities":"-47228000.00","netIncome":"-105114000.00","changeInCash":"206010000.00","totalCashFromOperatingActivities":"98290000.00","depreciation":"33499000.00","otherCashflowsFromInvestingActivities":"772575000.00","dividendsPaid":null,"changeToInventory":"38011000.00","changeToAccountReceivables":"-109773000.00","salePurchaseOfStock":null,"otherCashflowsFromFinancingActivities":"2904000.00","changeToNetincome":"221852000.00","capitalExpenditures":"136823000.00"}},"Income_Statement":{"currency_symbol":"USD","quarterly_last_0":{"date":"2019-06-30","filing_date":null,"researchDevelopment":"18715000.00","effectOfAccountingCharges":null,"incomeBeforeTax":"-37039000.00","minorityInterest":"217340000.00","netIncome":"-53801500.00","sellingGeneralAdministrative":"78640000.00","grossProfit":"122135000.00","ebit":"20640000.00","operatingIncome":"20640000.00","otherOperatingExpenses":null,"interestExpense":"-13742000.00","extraordinaryItems":null,"nonRecurring":null,"otherItems":null,"incomeTaxExpense":"10859000.00","totalRevenue":"484493000.00","totalOperatingExpenses":"463853000.00","costOfRevenue":"362358000.00","totalOtherIncomeExpenseNet":"-57679000.00","discontinuedOperations":null,"netIncomeFromContinuingOps":"-47898000.00","netIncomeApplicableToCommonShares":"-53801500.00"},"quarterly_last_1":{"date":"2019-03-31","filing_date":null,"researchDevelopment":"18715000.00","effectOfAccountingCharges":null,"incomeBeforeTax":"-37039000.00","minorityInterest":"217340000.00","netIncome":"-53801500.00","sellingGeneralAdministrative":"78640000.00","grossProfit":"122135000.00","ebit":"20640000.00","operatingIncome":"20640000.00","otherOperatingExpenses":null,"interestExpense":"-13742000.00","extraordinaryItems":null,"nonRecurring":null,"otherItems":null,"incomeTaxExpense":"10859000.00","totalRevenue":"484493000.00","totalOperatingExpenses":"463853000.00","costOfRevenue":"362358000.00","totalOtherIncomeExpenseNet":"-57679000.00","discontinuedOperations":null,"netIncomeFromContinuingOps":"-47898000.00","netIncomeApplicableToCommonShares":"-53801500.00"},"quarterly_last_2":{"date":"2018-12-31","filing_date":null,"researchDevelopment":"17655500.00","effectOfAccountingCharges":null,"incomeBeforeTax":"59495500.00","minorityInterest":"205688000.00","netIncome":"41020500.00","sellingGeneralAdministrative":"104993500.00","grossProfit":"187728500.00","ebit":"58159500.00","operatingIncome":"58159500.00","otherOperatingExpenses":null,"interestExpense":"-14454500.00","extraordinaryItems":null,"nonRecurring":null,"otherItems":null,"incomeTaxExpense":"14758500.00","totalRevenue":"540794000.00","totalOperatingExpenses":"482634500.00","costOfRevenue":"353065500.00","totalOtherIncomeExpenseNet":"1336000.00","discontinuedOperations":null,"netIncomeFromContinuingOps":"44737000.00","netIncomeApplicableToCommonShares":"41020500.00"},"quarterly_last_3":{"date":"2018-09-30","filing_date":null,"researchDevelopment":"17655500.00","effectOfAccountingCharges":null,"incomeBeforeTax":"59495500.00","minorityInterest":"205688000.00","netIncome":"41020500.00","sellingGeneralAdministrative":"104993500.00","grossProfit":"187728500.00","ebit":"58159500.00","operatingIncome":"58159500.00","otherOperatingExpenses":null,"interestExpense":"-14454500.00","extraordinaryItems":null,"nonRecurring":null,"otherItems":null,"incomeTaxExpense":"14758500.00","totalRevenue":"540794000.00","totalOperatingExpenses":"482634500.00","costOfRevenue":"353065500.00","totalOtherIncomeExpenseNet":"1336000.00","discontinuedOperations":null,"netIncomeFromContinuingOps":"44737000.00","netIncomeApplicableToCommonShares":"41020500.00"},"yearly_last_0":{"date":"2018-12-31","filing_date":null,"researchDevelopment":"63901000.00","effectOfAccountingCharges":null,"incomeBeforeTax":"52864000.00","minorityInterest":"205688000.00","netIncome":"-18480000.00","sellingGeneralAdministrative":"348357000.00","grossProfit":"575699000.00","ebit":"149601000.00","operatingIncome":"149601000.00","otherOperatingExpenses":null,"interestExpense":"-56846000.00","extraordinaryItems":null,"nonRecurring":null,"otherItems":null,"incomeTaxExpense":"45576000.00","totalRevenue":"1891094000.00","totalOperatingExpenses":"1741493000.00","costOfRevenue":"1315395000.00","totalOtherIncomeExpenseNet":"-96737000.00","discontinuedOperations":null,"netIncomeFromContinuingOps":"7288000.00","netIncomeApplicableToCommonShares":"-18480000.00"},"yearly_last_1":{"date":"2017-12-31","filing_date":"0000-00-00","researchDevelopment":"62143000.00","effectOfAccountingCharges":null,"incomeBeforeTax":"-174852000.00","minorityInterest":"188179000.00","netIncome":"-208184000.00","sellingGeneralAdministrative":"309695000.00","grossProfit":"192415000.00","ebit":"-227009000.00","operatingIncome":"-227009000.00","otherOperatingExpenses":null,"interestExpense":"-60747000.00","extraordinaryItems":null,"nonRecurring":null,"otherItems":null,"incomeTaxExpense":"17403000.00","totalRevenue":"1223022000.00","totalOperatingExpenses":"1450031000.00","costOfRevenue":"1030607000.00","totalOtherIncomeExpenseNet":"52157000.00","discontinuedOperations":"-6634000.00","netIncomeFromContinuingOps":"-192255000.00","netIncomeApplicableToCommonShares":"-208184000.00"},"yearly_last_2":{"date":"2016-12-31","filing_date":"0000-00-00","researchDevelopment":"71398000.00","effectOfAccountingCharges":null,"incomeBeforeTax":"-355513000.00","minorityInterest":"125031000.00","netIncome":"-390757000.00","sellingGeneralAdministrative":"287883000.00","grossProfit":"123541000.00","ebit":"-235740000.00","operatingIncome":"-235740000.00","otherOperatingExpenses":null,"interestExpense":"-45371000.00","extraordinaryItems":null,"nonRecurring":null,"otherItems":null,"incomeTaxExpense":"-8701000.00","totalRevenue":"1062132000.00","totalOperatingExpenses":"1297872000.00","costOfRevenue":"938591000.00","totalOtherIncomeExpenseNet":"-119773000.00","discontinuedOperations":"-68085000.00","netIncomeFromContinuingOps":"-346812000.00","netIncomeApplicableToCommonShares":"-390757000.00"},"yearly_last_3":{"date":"2015-12-31","filing_date":"0000-00-00","researchDevelopment":"76130000.00","effectOfAccountingCharges":null,"incomeBeforeTax":"-351316000.00","minorityInterest":"148171000.00","netIncome":"-105114000.00","sellingGeneralAdministrative":"367206000.00","grossProfit":"497819000.00","ebit":"54483000.00","operatingIncome":"54483000.00","otherOperatingExpenses":null,"interestExpense":"-94016000.00","extraordinaryItems":null,"nonRecurring":null,"otherItems":null,"incomeTaxExpense":"12203000.00","totalRevenue":"1640983000.00","totalOperatingExpenses":"1586500000.00","costOfRevenue":"1143164000.00","totalOtherIncomeExpenseNet":"-405799000.00","discontinuedOperations":"217261000.00","netIncomeFromContinuingOps":"-363519000.00","netIncomeApplicableToCommonShares":"-105114000.00"}}}},"1":{"General":{"Code":"PQ9","Type":"Common Stock","Name":"PT Bank Mandiri (Persero) Tbk","Exchange":"F","CurrencyCode":"EUR","CurrencyName":"Euro","CurrencySymbol":"\u20ac","CountryName":"Germany","CountryISO":"DE","ISIN":null,"Sector":"Financial Services","Industry":"Banks - Regional - Asia","Description":"PT Bank Mandiri (Persero) Tbk provides various banking products and services to individuals and businesses in Indonesia and internationally. It offers savings accounts, current accounts, time deposits, demand deposits, and foreign currency savings; housing loans, loan and credit facilities, mortgages, personal loans, auto loans, and loans to purchase new car and motorcycle, as well as loans for various purposes, such as education, home renovation, marriage, health, and other needs; debit, prepaid, and credit cards; priority services; investment products comprising mutual funds and retail state bonds, and bancassurance services; and payment, fund transfer, safety deposit boxes, and collection services. The company also provides financial advisory, underwriting, and securities trading and brokerage services; and working capital, term, and syndicated loan facilities, as well as consumer and micro loans, and installment loans. In addition, it offers bank guarantees and letters of credit; and cash management services, as well as mutual fund, pension, and insurance products. Further, the company provides treasury services, including foreign exchange; money market, securities, and derivatives transactions; repurchase market transactions; hedging transactions and products comprising currency swaps, interest rate swaps, and forward contracts; and dealing in Bank Indonesia Certificates and Government bonds, as well as capital market services, including custodial, trustee, paying agent, security agent, and escrow services. Additionally, it offers mobile, Internet, and SMS banking services, as well as ATM services, travelers' cheques, and automated utility bills payments. As of 31 December 2018, it operated 2,632 branches, including 139 branch offices, 2,321 sub-branch offices, and 172 cash offices; and 18,291 ATM facilities. The company was founded in 1998 and is headquartered in Jakarta, Indonesia.","FullTimeEmployees":32233,"UpdatedAt":"2019-09-24"},"Highlights":{"MarketCapitalization":20943833088,"MarketCapitalizationMln":"20943.8331","EBITDA":null,"PERatio":"12.4600","PEGRatio":"0.0000","WallStreetTargetPrice":null,"BookValue":"0.2590","DividendShare":"0.0100","DividendYield":"0.0340","EarningsShare":"0.0350","EPSEstimateCurrentYear":null,"EPSEstimateNextYear":null,"EPSEstimateNextQuarter":null,"MostRecentQuarter":"2019-06-30","ProfitMargin":"0.3556","OperatingMarginTTM":"0.0000","ReturnOnAssetsTTM":"0.0228","ReturnOnEquityTTM":"0.1516","RevenueTTM":null,"RevenuePerShareTTM":null,"QuarterlyRevenueGrowthYOY":"0.0250","GrossProfitTTM":"69762672000000.00","DilutedEpsTTM":"0.0350","QuarterlyEarningsGrowthYOY":"-0.0030"},"Valuation":{"TrailingPE":"12.4600","ForwardPE":null,"PriceSalesTTM":null,"PriceBookMRQ":"1.6838","EnterpriseValueRevenue":null,"EnterpriseValueEbitda":null},"Technicals":{"Beta":"0.4161","52WeekHigh":"0.5110","52WeekLow":"0.3300","50DayMA":"0.4463","200DayMA":"0.4630","SharesShort":null,"SharesShortPriorMonth":null,"ShortRatio":null,"ShortPercent":null},"SplitsDividends":{"ForwardAnnualDividendRate":"0.0100","ForwardAnnualDividendYield":"0.0340","PayoutRatio":"0.4269","DividendDate":"0000-00-00","ExDividendDate":"2019-05-27","LastSplitFactor":"1\/2","LastSplitDate":"2017-09-13"},"Earnings":{"Last_0":{"date":"2018-03-31","epsActual":0,"epsEstimate":null,"epsDifference":null,"surprisePercent":null},"Last_1":{"date":"0000-00-00","epsActual":0,"epsEstimate":0,"epsDifference":0,"surprisePercent":0},"Last_2":{"date":"0000-00-00","epsActual":0,"epsEstimate":0,"epsDifference":0,"surprisePercent":0},"Last_3":{"date":"0000-00-00","epsActual":0,"epsEstimate":0,"epsDifference":0,"surprisePercent":0}},"Financials":{"Balance_Sheet":{"currency_symbol":"USD","quarterly_last_0":{"date":"2019-06-30","filing_date":null,"intangibleAssets":"2670822000000.00","totalLiab":"1045939259000000.00","totalStockholderEquity":"185773673000000.00","deferredLongTermLiab":null,"otherCurrentLiab":"7872420000000.00","totalAssets":"1235627826000000.00","commonStock":"11666667000000.00","otherCurrentAssets":"7872420000000.00","retainedEarnings":"129358544000000.00","otherLiab":"64201329000000.00","goodWill":null,"otherAssets":"858311943000000.00","cash":"24649917000000.00","totalCurrentLiabilities":"872980628000000.00","shortLongTermDebt":null,"otherStockholderEquity":"27432270000000.00","propertyPlantEquipment":"38833035000000.00","totalCurrentAssets":"165636526000000.00","longTermInvestments":"170175500000000.00","netTangibleAssets":"183102851000000.00","shortTermInvestments":"131226422000000.00","netReceivables":null,"longTermDebt":"108757302000000.00","inventory":"248084000000.00","accountsPayable":"843158948000000.00"},"quarterly_last_1":{"date":"2019-03-31","filing_date":null,"intangibleAssets":"2276926000000.00","totalLiab":"1012307090000000.00","totalStockholderEquity":"189963104000000.00","deferredLongTermLiab":null,"otherCurrentLiab":"19806272000000.00","totalAssets":"1205972265000000.00","commonStock":"11666667000000.00","otherCurrentAssets":"78066429000000.00","retainedEarnings":"134317780000000.00","otherLiab":"86759102000000.00","goodWill":"423115000000.00","otherAssets":"774013707000000.00","cash":"80080096000000.00","totalCurrentLiabilities":"870479369000000.00","shortLongTermDebt":"5407438000000.00","otherStockholderEquity":"26662465000000.00","propertyPlantEquipment":"39332705000000.00","totalCurrentAssets":"245273582000000.00","longTermInvestments":"144652230000000.00","netTangibleAssets":"187263063000000.00","shortTermInvestments":"43934699000000.00","netReceivables":"32788815000000.00","longTermDebt":"55068619000000.00","inventory":"295236000000.00","accountsPayable":"807291978000000.00"},"quarterly_last_2":{"date":"2018-12-31","filing_date":null,"intangibleAssets":"2341611000000.00","totalLiab":"1017291789000000.00","totalStockholderEquity":"181202517000000.00","deferredLongTermLiab":null,"otherCurrentLiab":"22600537000000.00","totalAssets":"1202252094000000.00","commonStock":"11666667000000.00","otherCurrentAssets":"80359024000000.00","retainedEarnings":"127084686000000.00","otherLiab":"82460860000000.00","goodWill":"423115000000.00","otherAssets":"800920683000000.00","cash":"64819736000000.00","totalCurrentLiabilities":"883383252000000.00","shortLongTermDebt":"7112943000000.00","otherStockholderEquity":"25134972000000.00","propertyPlantEquipment":"39049796000000.00","totalCurrentAssets":"186993292000000.00","longTermInvestments":"172523597000000.00","netTangibleAssets":"178437791000000.00","shortTermInvestments":"3418354000000.00","netReceivables":"30498065000000.00","longTermDebt":"51447677000000.00","inventory":"295237000000.00","accountsPayable":"806374733000000.00"},"quarterly_last_3":{"date":"2018-09-30","filing_date":null,"intangibleAssets":"2035196000000.00","totalLiab":"997367859000000.00","totalStockholderEquity":"172871027000000.00","deferredLongTermLiab":null,"otherCurrentLiab":"22739157000000.00","totalAssets":"1173644878000000.00","commonStock":"11666667000000.00","otherCurrentAssets":"84077902000000.00","retainedEarnings":"120161535000000.00","otherLiab":"83492157000000.00","goodWill":"423115000000.00","otherAssets":"771784238000000.00","cash":"34596491000000.00","totalCurrentLiabilities":"862764772000000.00","shortLongTermDebt":"6406433000000.00","otherStockholderEquity":"23726633000000.00","propertyPlantEquipment":"37423257000000.00","totalCurrentAssets":"190887206000000.00","longTermInvestments":"171091866000000.00","netTangibleAssets":"170412716000000.00","shortTermInvestments":"38494644000000.00","netReceivables":"25085218000000.00","longTermDebt":"51110930000000.00","inventory":"291871000000.00","accountsPayable":"806853422000000.00"},"yearly_last_0":{"date":"2018-12-31","filing_date":null,"intangibleAssets":"2341611000000.00","totalLiab":"1017291789000000.00","totalStockholderEquity":"181202517000000.00","deferredLongTermLiab":null,"otherCurrentLiab":"22600537000000.00","totalAssets":"1202252094000000.00","commonStock":"11666667000000.00","otherCurrentAssets":"80359024000000.00","retainedEarnings":"127084686000000.00","otherLiab":"82460860000000.00","goodWill":"423115000000.00","otherAssets":"800920683000000.00","cash":"64819736000000.00","totalCurrentLiabilities":"883383252000000.00","shortLongTermDebt":"7112943000000.00","otherStockholderEquity":"25134972000000.00","propertyPlantEquipment":"39049796000000.00","totalCurrentAssets":"186993292000000.00","longTermInvestments":"172523597000000.00","netTangibleAssets":"178437791000000.00","shortTermInvestments":"3418354000000.00","netReceivables":"30498065000000.00","longTermDebt":"51447677000000.00","inventory":"295237000000.00","accountsPayable":"806374733000000.00"},"yearly_last_1":{"date":"2017-12-31","filing_date":null,"intangibleAssets":"1978352000000.00","totalLiab":"954694715000000.00","totalStockholderEquity":"166718843000000.00","deferredLongTermLiab":null,"otherCurrentLiab":"21097227000000.00","totalAssets":"1124700847000000.00","commonStock":"11666667000000.00","otherCurrentAssets":"68420036000000.00","retainedEarnings":"111357522000000.00","otherLiab":"82207838000000.00","goodWill":"423115000000.00","otherAssets":"709080364000000.00","cash":"108584236000000.00","totalCurrentLiabilities":"830012583000000.00","shortLongTermDebt":"5468393000000.00","otherStockholderEquity":"26378462000000.00","propertyPlantEquipment":"37406522000000.00","totalCurrentAssets":"216367870000000.00","longTermInvestments":"159444624000000.00","netTangibleAssets":"164317376000000.00","shortTermInvestments":"5694014000000.00","netReceivables":"26520533000000.00","longTermDebt":"42474294000000.00","inventory":"292530000000.00","accountsPayable":"785825949000000.00"},"yearly_last_2":{"date":"2016-12-31","filing_date":null,"intangibleAssets":"1532381000000.00","totalLiab":"885336286000000.00","totalStockholderEquity":"150453938000000.00","deferredLongTermLiab":null,"otherCurrentLiab":"22372264000000.00","totalAssets":"1038706009000000.00","commonStock":"11666667000000.00","otherCurrentAssets":"72918727000000.00","retainedEarnings":"96930793000000.00","otherLiab":"70672760000000.00","goodWill":"423115000000.00","otherAssets":"640592133000000.00","cash":"105072084000000.00","totalCurrentLiabilities":"780619143000000.00","shortLongTermDebt":"7223802000000.00","otherStockholderEquity":"24540286000000.00","propertyPlantEquipment":"36570480000000.00","totalCurrentAssets":"206881693000000.00","longTermInvestments":"152706207000000.00","netTangibleAssets":"148498442000000.00","shortTermInvestments":"7461550000000.00","netReceivables":"16143097000000.00","longTermDebt":"34044383000000.00","inventory":"11565000000.00","accountsPayable":"735337863000000.00"},"yearly_last_3":{"date":"2015-12-31","filing_date":null,"intangibleAssets":"1492077000000.00","totalLiab":"790571568000000.00","totalStockholderEquity":"117070290000000.00","deferredLongTermLiab":null,"otherCurrentLiab":"19125495000000.00","totalAssets":"910063409000000.00","commonStock":"11666667000000.00","otherCurrentAssets":"72898553000000.00","retainedEarnings":"89224718000000.00","otherLiab":"62137100000000.00","goodWill":"423115000000.00","otherAssets":"583947194000000.00","cash":"69349679000000.00","totalCurrentLiabilities":"697143800000000.00","shortLongTermDebt":"8178492000000.00","otherStockholderEquity":"-1137287000000.00","propertyPlantEquipment":"9761688000000.00","totalCurrentAssets":"170026709000000.00","longTermInvestments":"144412626000000.00","netTangibleAssets":"115155098000000.00","shortTermInvestments":"4206372000000.00","netReceivables":"15457502000000.00","longTermDebt":"31290668000000.00","inventory":"11565000000.00","accountsPayable":"653785733000000.00"}},"Cash_Flow":{"currency_symbol":"USD","quarterly_last_0":{"date":"2019-06-30","filing_date":null,"investments":"2343463000000.00","changeToLiabilities":"0.00","totalCashflowsFromInvestingActivities":"1790760000000.00","netBorrowings":"20655914000000.00","totalCashFromFinancingActivities":"28871500000000.00","changeToOperatingActivities":"-47517444000000.00","netIncome":"6297523000000.00","changeInCash":"-11527547000000.00","totalCashFromOperatingActivities":"-39525244000000.00","depreciation":"-365528000000.00","otherCashflowsFromInvestingActivities":null,"dividendsPaid":"-11256759000000.00","changeToInventory":null,"changeToAccountReceivables":null,"salePurchaseOfStock":null,"otherCashflowsFromFinancingActivities":"19472345000000.00","changeToNetincome":"5866391000000.00","capitalExpenditures":"440588000000.00"},"quarterly_last_1":{"date":"2019-03-31","filing_date":null,"investments":"-5974142000000.00","changeToLiabilities":"0.00","totalCashflowsFromInvestingActivities":"-6636149000000.00","netBorrowings":"-1520123000000.00","totalCashFromFinancingActivities":"-4829805000000.00","changeToOperatingActivities":"27529898000000.00","netIncome":"7233094000000.00","changeInCash":"15267041000000.00","totalCashFromOperatingActivities":"24927038000000.00","depreciation":"365528000000.00","otherCashflowsFromInvestingActivities":null,"dividendsPaid":"-11256759000000.00","changeToInventory":null,"changeToAccountReceivables":null,"salePurchaseOfStock":null,"otherCashflowsFromFinancingActivities":"-3309682000000.00","changeToNetincome":"-4807130000000.00","capitalExpenditures":"605596000000.00"},"quarterly_last_2":{"date":"2018-12-31","filing_date":null,"investments":"-11024015000000.00","changeToLiabilities":"0.00","totalCashflowsFromInvestingActivities":"-12716534000000.00","netBorrowings":"13129149000000.00","totalCashFromFinancingActivities":"14776991000000.00","changeToOperatingActivities":"-42585791000000.00","netIncome":"6923151000000.00","changeInCash":"-27688334000000.00","totalCashFromOperatingActivities":"-27087402000000.00","depreciation":"317998000000.00","otherCashflowsFromInvestingActivities":null,"dividendsPaid":"-11256759000000.00","changeToInventory":null,"changeToAccountReceivables":null,"salePurchaseOfStock":null,"otherCashflowsFromFinancingActivities":"1647842000000.00","changeToNetincome":"4552570000000.00","capitalExpenditures":"1313214000000.00"},"quarterly_last_3":{"date":"2018-09-30","filing_date":null,"investments":"-2799662000000.00","changeToLiabilities":"0.00","totalCashflowsFromInvestingActivities":"-3590307000000.00","netBorrowings":"-19190380000000.00","totalCashFromFinancingActivities":"10956942000000.00","changeToOperatingActivities":"-17964368000000.00","netIncome":"5913795000000.00","changeInCash":"-2245225000000.00","totalCashFromOperatingActivities":"-9260915000000.00","depreciation":"324103000000.00","otherCashflowsFromInvestingActivities":null,"dividendsPaid":"-11256759000000.00","changeToInventory":null,"changeToAccountReceivables":null,"salePurchaseOfStock":null,"otherCashflowsFromFinancingActivities":"30147322000000.00","changeToNetincome":"2493036000000.00","capitalExpenditures":"544359000000.00"},"yearly_last_0":{"date":"2018-12-31","filing_date":null,"investments":"-17835083000000.00","changeToLiabilities":"0.00","totalCashflowsFromInvestingActivities":"-21041189000000.00","netBorrowings":"26913447000000.00","totalCashFromFinancingActivities":"42926506000000.00","changeToOperatingActivities":"-96160637000000.00","netIncome":"25015021000000.00","changeInCash":"-34098110000000.00","totalCashFromOperatingActivities":"-57737938000000.00","depreciation":"1311681000000.00","otherCashflowsFromInvestingActivities":null,"dividendsPaid":"-9287857000000.00","changeToInventory":null,"changeToAccountReceivables":null,"salePurchaseOfStock":null,"otherCashflowsFromFinancingActivities":"25300916000000.00","changeToNetincome":"8819993000000.00","capitalExpenditures":"2432966000000.00"},"yearly_last_1":{"date":"2017-12-31","filing_date":"0000-00-00","investments":"-2652119000000.00","changeToLiabilities":"0.00","totalCashflowsFromInvestingActivities":"-5276211000000.00","netBorrowings":"7412250000000.00","totalCashFromFinancingActivities":"53401013000000.00","changeToOperatingActivities":"-76468154000000.00","netIncome":"20639683000000.00","changeInCash":"1215689000000.00","totalCashFromOperatingActivities":"-47717816000000.00","depreciation":"1389147000000.00","otherCashflowsFromInvestingActivities":null,"dividendsPaid":"-6212954000000.00","changeToInventory":null,"changeToAccountReceivables":null,"salePurchaseOfStock":null,"otherCashflowsFromFinancingActivities":"52201717000000.00","changeToNetincome":"8714083000000.00","capitalExpenditures":"1786436000000.00"},"yearly_last_2":{"date":"2016-12-31","filing_date":"0000-00-00","investments":"-3604028000000.00","changeToLiabilities":"0.00","totalCashflowsFromInvestingActivities":"-6162781000000.00","netBorrowings":"4672097000000.00","totalCashFromFinancingActivities":"83343272000000.00","changeToOperatingActivities":"-76986680000000.00","netIncome":"13806565000000.00","changeInCash":"31892700000000.00","totalCashFromOperatingActivities":"-43796675000000.00","depreciation":"1377656000000.00","otherCashflowsFromInvestingActivities":null,"dividendsPaid":"-6100490000000.00","changeToInventory":null,"changeToAccountReceivables":null,"salePurchaseOfStock":null,"otherCashflowsFromFinancingActivities":"84771665000000.00","changeToNetincome":"19501521000000.00","capitalExpenditures":"2149547000000.00"},"yearly_last_3":{"date":"2015-12-31","filing_date":"0000-00-00","investments":"-27244649000000.00","changeToLiabilities":"0.00","totalCashflowsFromInvestingActivities":"-28949323000000.00","netBorrowings":"6421571000000.00","totalCashFromFinancingActivities":"35091145000000.00","changeToOperatingActivities":"-53676192000000.00","netIncome":"20334968000000.00","changeInCash":"-13136976000000.00","totalCashFromOperatingActivities":"-24111371000000.00","depreciation":"1187795000000.00","otherCashflowsFromInvestingActivities":null,"dividendsPaid":"-4967968000000.00","changeToInventory":null,"changeToAccountReceivables":null,"salePurchaseOfStock":null,"otherCashflowsFromFinancingActivities":"33637542000000.00","changeToNetincome":"4336550000000.00","capitalExpenditures":"1135677000000.00"}},"Income_Statement":{"currency_symbol":"USD","quarterly_last_0":{"date":"2019-06-30","filing_date":null,"researchDevelopment":null,"effectOfAccountingCharges":null,"incomeBeforeTax":"8194320000000.00","minorityInterest":"3914894000000.00","netIncome":"6297523000000.00","sellingGeneralAdministrative":"989590000000.00","grossProfit":"17990930000000.00","ebit":null,"operatingIncome":"8416239000000.00","otherOperatingExpenses":"8585101000000.00","interestExpense":null,"extraordinaryItems":null,"nonRecurring":null,"otherItems":null,"incomeTaxExpense":"1667100000000.00","totalRevenue":"17661798000000.00","totalOperatingExpenses":"9245559000000.00","costOfRevenue":"-329132000000.00","totalOtherIncomeExpenseNet":"-221919000000.00","discontinuedOperations":null,"netIncomeFromContinuingOps":"6527220000000.00","netIncomeApplicableToCommonShares":"6297523000000.00"},"quarterly_last_1":{"date":"2019-03-31","filing_date":null,"researchDevelopment":null,"effectOfAccountingCharges":null,"incomeBeforeTax":"9430679000000.00","minorityInterest":"3702071000000.00","netIncome":"7233094000000.00","sellingGeneralAdministrative":"7426481000000.00","grossProfit":"18323953000000.00","ebit":null,"operatingIncome":"9452462000000.00","otherOperatingExpenses":"1445010000000.00","interestExpense":null,"extraordinaryItems":null,"nonRecurring":null,"otherItems":null,"incomeTaxExpense":"1969497000000.00","totalRevenue":"18653085000000.00","totalOperatingExpenses":"9200623000000.00","costOfRevenue":"329132000000.00","totalOtherIncomeExpenseNet":"-21783000000.00","discontinuedOperations":null,"netIncomeFromContinuingOps":"7461182000000.00","netIncomeApplicableToCommonShares":"7233094000000.00"},"quarterly_last_2":{"date":"2018-12-31","filing_date":null,"researchDevelopment":null,"effectOfAccountingCharges":null,"incomeBeforeTax":"10325596000000.00","minorityInterest":"3757788000000.00","netIncome":"6923151000000.00","sellingGeneralAdministrative":"8825628000000.00","grossProfit":"20140800000000.00","ebit":"0.00","operatingIncome":"10311656000000.00","otherOperatingExpenses":"1003516000000.00","interestExpense":null,"extraordinaryItems":null,"nonRecurring":null,"otherItems":null,"incomeTaxExpense":"3174067000000.00","totalRevenue":"20605616000000.00","totalOperatingExpenses":"10293960000000.00","costOfRevenue":"464816000000.00","totalOtherIncomeExpenseNet":"13940000000.00","discontinuedOperations":null,"netIncomeFromContinuingOps":"7151529000000.00","netIncomeApplicableToCommonShares":"6923151000000.00"},"quarterly_last_3":{"date":"2018-09-30","filing_date":null,"researchDevelopment":null,"effectOfAccountingCharges":null,"incomeBeforeTax":"7919454000000.00","minorityInterest":"3405992000000.00","netIncome":"5913795000000.00","sellingGeneralAdministrative":"8048515000000.00","grossProfit":"16872832000000.00","ebit":"0.00","operatingIncome":"7857031000000.00","otherOperatingExpenses":"967286000000.00","interestExpense":null,"extraordinaryItems":null,"nonRecurring":null,"otherItems":null,"incomeTaxExpense":"1798076000000.00","totalRevenue":"17220401000000.00","totalOperatingExpenses":"9363370000000.00","costOfRevenue":"347569000000.00","totalOtherIncomeExpenseNet":"62423000000.00","discontinuedOperations":null,"netIncomeFromContinuingOps":"6121378000000.00","netIncomeApplicableToCommonShares":"5913795000000.00"},"yearly_last_0":{"date":"2018-12-31","filing_date":null,"researchDevelopment":null,"effectOfAccountingCharges":null,"incomeBeforeTax":"33943369000000.00","minorityInterest":"3757788000000.00","netIncome":"25015021000000.00","sellingGeneralAdministrative":"31426064000000.00","grossProfit":"69762672000000.00","ebit":"0.00","operatingIncome":"33925681000000.00","otherOperatingExpenses":"4410927000000.00","interestExpense":null,"extraordinaryItems":null,"nonRecurring":null,"otherItems":null,"incomeTaxExpense":"8091432000000.00","totalRevenue":"71246382000000.00","totalOperatingExpenses":"37320701000000.00","costOfRevenue":"1483710000000.00","totalOtherIncomeExpenseNet":"17688000000.00","discontinuedOperations":null,"netIncomeFromContinuingOps":"25851937000000.00","netIncomeApplicableToCommonShares":"25015021000000.00"},"yearly_last_1":{"date":"2017-12-31","filing_date":"0000-00-00","researchDevelopment":null,"effectOfAccountingCharges":null,"incomeBeforeTax":"27156863000000.00","minorityInterest":"3287289000000.00","netIncome":"20639683000000.00","sellingGeneralAdministrative":"28863209000000.00","grossProfit":"61066315000000.00","ebit":"0.00","operatingIncome":"27247839000000.00","otherOperatingExpenses":"4955267000000.00","interestExpense":null,"extraordinaryItems":null,"nonRecurring":null,"otherItems":null,"incomeTaxExpense":"5713821000000.00","totalRevenue":"62467327000000.00","totalOperatingExpenses":"35219488000000.00","costOfRevenue":"1401012000000.00","totalOtherIncomeExpenseNet":"-90976000000.00","discontinuedOperations":null,"netIncomeFromContinuingOps":"21443042000000.00","netIncomeApplicableToCommonShares":"20639683000000.00"},"yearly_last_2":{"date":"2016-12-31","filing_date":"0000-00-00","researchDevelopment":null,"effectOfAccountingCharges":null,"incomeBeforeTax":"18572965000000.00","minorityInterest":"2915785000000.00","netIncome":"13806565000000.00","sellingGeneralAdministrative":"26370440000000.00","grossProfit":"48329311000000.00","ebit":"0.00","operatingIncome":"18393253000000.00","otherOperatingExpenses":"3565618000000.00","interestExpense":null,"extraordinaryItems":null,"nonRecurring":null,"otherItems":null,"incomeTaxExpense":"3922802000000.00","totalRevenue":"49535827000000.00","totalOperatingExpenses":"31142574000000.00","costOfRevenue":"1206516000000.00","totalOtherIncomeExpenseNet":"179712000000.00","discontinuedOperations":null,"netIncomeFromContinuingOps":"14650163000000.00","netIncomeApplicableToCommonShares":"13806565000000.00"},"yearly_last_3":{"date":"2015-12-31","filing_date":"0000-00-00","researchDevelopment":null,"effectOfAccountingCharges":null,"incomeBeforeTax":"26369430000000.00","minorityInterest":"2421551000000.00","netIncome":"20334968000000.00","sellingGeneralAdministrative":"24137105000000.00","grossProfit":"54384759000000.00","ebit":"0.00","operatingIncome":"26361060000000.00","otherOperatingExpenses":"3886594000000.00","interestExpense":null,"extraordinaryItems":null,"nonRecurring":null,"otherItems":null,"incomeTaxExpense":"5217032000000.00","totalRevenue":"55424160000000.00","totalOperatingExpenses":"29063100000000.00","costOfRevenue":"1039401000000.00","totalOtherIncomeExpenseNet":"8370000000.00","discontinuedOperations":null,"netIncomeFromContinuingOps":"21152398000000.00","netIncomeApplicableToCommonShares":"20334968000000.00"}}}},"2":{"General":{"Code":"C4S1","Type":"Common Stock","Name":"China State Construction International Holdings Limited","Exchange":"F","CurrencyCode":"EUR","CurrencyName":"Euro","CurrencySymbol":"\u20ac","CountryName":"Germany","CountryISO":"DE","ISIN":null,"Sector":"Industrials","Industry":"Engineering & Construction","Description":"China State Construction International Holdings Limited, an investment holding company, engages in the construction business in Hong Kong, Mainland China, Macau, and internationally. It builds public and private housings; buildings for the government and other institutions; commercial and industrial buildings, and hotels; and other building projects. The company also operates as a contractor in civil engineering works comprising general roads and drainage works, site formation, port works\/reclamation, water and sewage treatment plants, bridges construction, tunnels, waterworks, and other special-function civil projects for the government. In addition, it is involved in undertaking foundation projects for the housing authority and private property developers; electrical and mechanical works for the government and semi-government bodies; and other subcontracted works, as well as site investigation, concrete production, and pre-casting activities. Further, the company provides insurance brokerage, project and construction management, project consultancy, and logistic services; designs, manufactures, and installs curtain walls, aluminum windows, and other related products; sells and distributes construction materials; issues guaranteed notes, as well as leases plant and machinery; generates and supplies heat and electricity; and manufactures and sells precast structures. Additionally, it engages in the marine engineering works and property investment activities; and infrastructure operation and investment, thermoelectricity, toll road operation, and property development and facade contracting businesses. The company was founded in 1979 and is headquartered in Wanchai, Hong Kong. China State Construction International Holdings Limited is a subsidiary of China Overseas Holdings Limited.","FullTimeEmployees":13256,"UpdatedAt":"2019-09-24"},"Highlights":{"MarketCapitalization":4501349376,"MarketCapitalizationMln":"4501.3494","EBITDA":null,"PERatio":"6.1014","PEGRatio":"0.0000","WallStreetTargetPrice":null,"BookValue":"0.9840","DividendShare":"0.0400","DividendYield":"0.0421","EarningsShare":"0.1430","EPSEstimateCurrentYear":null,"EPSEstimateNextYear":null,"EPSEstimateNextQuarter":null,"MostRecentQuarter":"2019-06-30","ProfitMargin":"0.0888","OperatingMarginTTM":"0.0000","ReturnOnAssetsTTM":"0.0333","ReturnOnEquityTTM":"0.1183","RevenueTTM":null,"RevenuePerShareTTM":null,"QuarterlyRevenueGrowthYOY":"0.0160","GrossProfitTTM":"8696421000.00","DilutedEpsTTM":"0.1430","QuarterlyEarningsGrowthYOY":"0.1350"},"Valuation":{"TrailingPE":"6.1014","ForwardPE":null,"PriceSalesTTM":null,"PriceBookMRQ":"0.8867","EnterpriseValueRevenue":null,"EnterpriseValueEbitda":null},"Technicals":{"Beta":"1.5907","52WeekHigh":"0.9500","52WeekLow":"0.5980","50DayMA":"0.8011","200DayMA":"0.8568","SharesShort":null,"SharesShortPriorMonth":null,"ShortRatio":null,"ShortPercent":null},"SplitsDividends":{"ForwardAnnualDividendRate":"0.0400","ForwardAnnualDividendYield":"0.0421","PayoutRatio":"0.2817","DividendDate":"0000-00-00","ExDividendDate":"2019-09-17","LastSplitFactor":"1\/1","LastSplitDate":"2008-02-11"},"Earnings":{"Last_0":{"date":"0000-00-00","epsActual":0,"epsEstimate":0,"epsDifference":0,"surprisePercent":0},"Last_1":{"date":"0000-00-00","epsActual":0,"epsEstimate":0,"epsDifference":0,"surprisePercent":0},"Last_2":{"date":"0000-00-00","epsActual":0,"epsEstimate":0,"epsDifference":0,"surprisePercent":0},"Last_3":{"date":"0000-00-00","epsActual":0,"epsEstimate":0,"epsDifference":0,"surprisePercent":0}},"Financials":{"Balance_Sheet":{"currency_symbol":"USD","quarterly_last_0":{"date":"2019-06-30","filing_date":null,"intangibleAssets":"4370332000.00","totalLiab":"101132576000.00","totalStockholderEquity":"44605323000.00","deferredLongTermLiab":null,"otherCurrentLiab":"29800989000.00","totalAssets":"146603042000.00","commonStock":"126229000.00","otherCurrentAssets":null,"retainedEarnings":"29321445000.00","otherLiab":"1226751000.00","goodWill":"577664000.00","otherAssets":"50366634000.00","cash":"21035490000.00","totalCurrentLiabilities":"60283769000.00","shortLongTermDebt":"6941033000.00","otherStockholderEquity":"-5382810000.00","propertyPlantEquipment":"4687477000.00","totalCurrentAssets":"67257423000.00","longTermInvestments":"19343512000.00","netTangibleAssets":"39657327000.00","shortTermInvestments":"294675000.00","netReceivables":"42565547000.00","longTermDebt":"39548641000.00","inventory":"3361711000.00","accountsPayable":"22536902000.00"},"quarterly_last_1":{"date":"2019-03-31","filing_date":null,"intangibleAssets":"4370332000.00","totalLiab":"101132576000.00","totalStockholderEquity":"44605323000.00","deferredLongTermLiab":null,"otherCurrentLiab":"29800989000.00","totalAssets":"146603042000.00","commonStock":"126229000.00","otherCurrentAssets":null,"retainedEarnings":"29321445000.00","otherLiab":"1226751000.00","goodWill":"577664000.00","otherAssets":"50366634000.00","cash":"21035490000.00","totalCurrentLiabilities":"60283769000.00","shortLongTermDebt":"6941033000.00","otherStockholderEquity":"-5382810000.00","propertyPlantEquipment":"4687477000.00","totalCurrentAssets":"67257423000.00","longTermInvestments":"19343512000.00","netTangibleAssets":"39657327000.00","shortTermInvestments":"294675000.00","netReceivables":"42565547000.00","longTermDebt":"39548641000.00","inventory":"3361711000.00","accountsPayable":"22536902000.00"},"quarterly_last_2":{"date":"2018-12-31","filing_date":null,"intangibleAssets":"4463335000.00","totalLiab":"93043841000.00","totalStockholderEquity":"42332836000.00","deferredLongTermLiab":null,"otherCurrentLiab":"29072097000.00","totalAssets":"136122091000.00","commonStock":"126229000.00","otherCurrentAssets":null,"retainedEarnings":"27065699000.00","otherLiab":"1167097000.00","goodWill":"577664000.00","otherAssets":"48798982000.00","cash":"17925708000.00","totalCurrentLiabilities":"53629989000.00","shortLongTermDebt":"2795832000.00","otherStockholderEquity":"-5399551000.00","propertyPlantEquipment":"4149806000.00","totalCurrentAssets":"60262668000.00","longTermInvestments":"17869636000.00","netTangibleAssets":"37291837000.00","shortTermInvestments":"265530000.00","netReceivables":"38731441000.00","longTermDebt":"38244913000.00","inventory":"3339989000.00","accountsPayable":"21761267000.00"},"quarterly_last_3":{"date":"2018-09-30","filing_date":null,"intangibleAssets":"4463335000.00","totalLiab":"93043841000.00","totalStockholderEquity":"42332836000.00","deferredLongTermLiab":null,"otherCurrentLiab":"29072097000.00","totalAssets":"136122091000.00","commonStock":"126229000.00","otherCurrentAssets":null,"retainedEarnings":"27065699000.00","otherLiab":"1167097000.00","goodWill":"577664000.00","otherAssets":"48798982000.00","cash":"17925708000.00","totalCurrentLiabilities":"53629989000.00","shortLongTermDebt":"2795832000.00","otherStockholderEquity":"-5399551000.00","propertyPlantEquipment":"4149806000.00","totalCurrentAssets":"60262668000.00","longTermInvestments":"17869636000.00","netTangibleAssets":"37291837000.00","shortTermInvestments":"265530000.00","netReceivables":"38731441000.00","longTermDebt":"38244913000.00","inventory":"3339989000.00","accountsPayable":"21761267000.00"},"yearly_last_0":{"date":"2018-12-31","filing_date":null,"intangibleAssets":"4463335000.00","totalLiab":"93043841000.00","totalStockholderEquity":"42332836000.00","deferredLongTermLiab":null,"otherCurrentLiab":"29072097000.00","totalAssets":"136122091000.00","commonStock":"126229000.00","otherCurrentAssets":null,"retainedEarnings":"27065699000.00","otherLiab":"1167097000.00","goodWill":"577664000.00","otherAssets":"48798982000.00","cash":"17925708000.00","totalCurrentLiabilities":"53629989000.00","shortLongTermDebt":"2795832000.00","otherStockholderEquity":"-5399551000.00","propertyPlantEquipment":"4149806000.00","totalCurrentAssets":"60262668000.00","longTermInvestments":"17869636000.00","netTangibleAssets":"37291837000.00","shortTermInvestments":"265530000.00","netReceivables":"38731441000.00","longTermDebt":"38244913000.00","inventory":"3339989000.00","accountsPayable":"21761267000.00"},"yearly_last_1":{"date":"2017-12-31","filing_date":null,"intangibleAssets":"5748968000.00","totalLiab":"80055362000.00","totalStockholderEquity":"38087629000.00","deferredLongTermLiab":null,"otherCurrentLiab":"24491628000.00","totalAssets":"118518273000.00","commonStock":"126229000.00","otherCurrentAssets":null,"retainedEarnings":"24332756000.00","otherLiab":"1256086000.00","goodWill":"577664000.00","otherAssets":"37957113000.00","cash":"17593203000.00","totalCurrentLiabilities":"51998281000.00","shortLongTermDebt":"6478947000.00","otherStockholderEquity":"-6911815000.00","propertyPlantEquipment":"3818806000.00","totalCurrentAssets":"55477637000.00","longTermInvestments":"14938085000.00","netTangibleAssets":"31760997000.00","shortTermInvestments":"337573000.00","netReceivables":"36918455000.00","longTermDebt":"26798496000.00","inventory":"628406000.00","accountsPayable":"21026841000.00"},"yearly_last_2":{"date":"2016-12-31","filing_date":null,"intangibleAssets":"5409530000.00","totalLiab":"60504127000.00","totalStockholderEquity":"25447958000.00","deferredLongTermLiab":null,"otherCurrentLiab":"18855979000.00","totalAssets":"86174445000.00","commonStock":"112203000.00","otherCurrentAssets":null,"retainedEarnings":"20323751000.00","otherLiab":"1047979000.00","goodWill":"577664000.00","otherAssets":"28301781000.00","cash":"11484652000.00","totalCurrentLiabilities":"39716114000.00","shortLongTermDebt":"1455620000.00","otherStockholderEquity":"-9235144000.00","propertyPlantEquipment":"2493761000.00","totalCurrentAssets":"40143720000.00","longTermInvestments":"9247989000.00","netTangibleAssets":"19460764000.00","shortTermInvestments":"428612000.00","netReceivables":"27684882000.00","longTermDebt":"19737895000.00","inventory":"545574000.00","accountsPayable":"19403741000.00"},"yearly_last_3":{"date":"2015-12-31","filing_date":null,"intangibleAssets":"6230227000.00","totalLiab":"49819279000.00","totalStockholderEquity":"23184554000.00","deferredLongTermLiab":null,"otherCurrentLiab":"16401054000.00","totalAssets":"73104095000.00","commonStock":"101408000.00","otherCurrentAssets":null,"retainedEarnings":"16597043000.00","otherLiab":"1144875000.00","goodWill":"577664000.00","otherAssets":"23477469000.00","cash":"8026224000.00","totalCurrentLiabilities":"31706669000.00","shortLongTermDebt":"808197000.00","otherStockholderEquity":"-2961881000.00","propertyPlantEquipment":"2786916000.00","totalCurrentAssets":"32418461000.00","longTermInvestments":"7613358000.00","netTangibleAssets":"16376663000.00","shortTermInvestments":"523673000.00","netReceivables":"23340814000.00","longTermDebt":"16965016000.00","inventory":"527750000.00","accountsPayable":"14496467000.00"}},"Cash_Flow":{"currency_symbol":"USD","quarterly_last_0":{"date":"2019-06-30","filing_date":null,"investments":"-929318000.00","changeToLiabilities":"0.00","totalCashflowsFromInvestingActivities":"-477448000.00","netBorrowings":"3280696500.00","totalCashFromFinancingActivities":"2759681500.00","changeToOperatingActivities":null,"netIncome":"1492870000.00","changeInCash":"1553102000.00","totalCashFromOperatingActivities":"-702776000.00","depreciation":"105809000.00","otherCashflowsFromInvestingActivities":"653788000.00","dividendsPaid":null,"changeToInventory":null,"changeToAccountReceivables":null,"salePurchaseOfStock":null,"otherCashflowsFromFinancingActivities":"-521015000.00","changeToNetincome":"-2301455000.00","capitalExpenditures":"201918000.00"},"quarterly_last_1":{"date":"2019-03-31","filing_date":null,"investments":"-929318000.00","changeToLiabilities":"0.00","totalCashflowsFromInvestingActivities":"-477448000.00","netBorrowings":"3280696500.00","totalCashFromFinancingActivities":"2759681500.00","changeToOperatingActivities":null,"netIncome":"1492870000.00","changeInCash":"1553102000.00","totalCashFromOperatingActivities":"-702776000.00","depreciation":"105809000.00","otherCashflowsFromInvestingActivities":"653788000.00","dividendsPaid":null,"changeToInventory":null,"changeToAccountReceivables":null,"salePurchaseOfStock":null,"otherCashflowsFromFinancingActivities":"-521015000.00","changeToNetincome":"-2301455000.00","capitalExpenditures":"201918000.00"},"quarterly_last_2":{"date":"2018-12-31","filing_date":null,"investments":"86685500.00","changeToLiabilities":"2395986000.00","totalCashflowsFromInvestingActivities":"-1518054500.00","netBorrowings":"-631689500.00","totalCashFromFinancingActivities":"52455000.00","changeToOperatingActivities":"-382097000.00","netIncome":"997414000.00","changeInCash":"-559501000.00","totalCashFromOperatingActivities":"1034650500.00","depreciation":"89653000.00","otherCashflowsFromInvestingActivities":"-1371470500.00","dividendsPaid":"-883602500.00","changeToInventory":"-955847500.00","changeToAccountReceivables":"-5524555500.00","salePurchaseOfStock":null,"otherCashflowsFromFinancingActivities":"-362987000.00","changeToNetincome":"4410398000.00","capitalExpenditures":"-120283500.00"},"quarterly_last_3":{"date":"2018-09-30","filing_date":null,"investments":"86685500.00","changeToLiabilities":"2395986000.00","totalCashflowsFromInvestingActivities":"-1518054500.00","netBorrowings":"-631689500.00","totalCashFromFinancingActivities":"52455000.00","changeToOperatingActivities":"-382097000.00","netIncome":"997414000.00","changeInCash":"-559501000.00","totalCashFromOperatingActivities":"1034650500.00","depreciation":"89653000.00","otherCashflowsFromInvestingActivities":"-1371470500.00","dividendsPaid":"-883602500.00","changeToInventory":"-955847500.00","changeToAccountReceivables":"-5524555500.00","salePurchaseOfStock":null,"otherCashflowsFromFinancingActivities":"-362987000.00","changeToNetincome":"4410398000.00","capitalExpenditures":"-120283500.00"},"yearly_last_0":{"date":"2018-12-31","filing_date":null,"investments":"-3156318000.00","changeToLiabilities":"4791972000.00","totalCashflowsFromInvestingActivities":"-6953970000.00","netBorrowings":"8913873000.00","totalCashFromFinancingActivities":"9581114000.00","changeToOperatingActivities":"-764194000.00","netIncome":"4517148000.00","changeInCash":"353328000.00","totalCashFromOperatingActivities":"-1924595000.00","depreciation":"374637000.00","otherCashflowsFromInvestingActivities":"-2284670000.00","dividendsPaid":"-1767205000.00","changeToInventory":"-1911695000.00","changeToAccountReceivables":"-11049111000.00","salePurchaseOfStock":null,"otherCashflowsFromFinancingActivities":"-1427022000.00","changeToNetincome":"2109249000.00","capitalExpenditures":"805876000.00"},"yearly_last_1":{"date":"2017-12-31","filing_date":"0000-00-00","investments":"-5419079000.00","changeToLiabilities":"2189676000.00","totalCashflowsFromInvestingActivities":"-4800189000.00","netBorrowings":"11373414000.00","totalCashFromFinancingActivities":"15252916000.00","changeToOperatingActivities":"129645000.00","netIncome":"5490091000.00","changeInCash":"6086674000.00","totalCashFromOperatingActivities":"-4845706000.00","depreciation":"356422000.00","otherCashflowsFromInvestingActivities":"2113146000.00","dividendsPaid":"-1481086000.00","changeToInventory":"-83878000.00","changeToAccountReceivables":"-13078129000.00","salePurchaseOfStock":"6356327000.00","otherCashflowsFromFinancingActivities":"-995739000.00","changeToNetincome":"143305000.00","capitalExpenditures":"1410112000.00"},"yearly_last_2":{"date":"2016-12-31","filing_date":"0000-00-00","investments":"-1801123000.00","changeToLiabilities":"8211527000.00","totalCashflowsFromInvestingActivities":"-5690531000.00","netBorrowings":"3740152000.00","totalCashFromFinancingActivities":"6497667000.00","changeToOperatingActivities":"258444000.00","netIncome":"5130066000.00","changeInCash":"3458284000.00","totalCashFromOperatingActivities":"2867339000.00","depreciation":"354113000.00","otherCashflowsFromInvestingActivities":"1063477000.00","dividendsPaid":"-1403358000.00","changeToInventory":"-22530000.00","changeToAccountReceivables":"-10466319000.00","salePurchaseOfStock":"4809959000.00","otherCashflowsFromFinancingActivities":"-649086000.00","changeToNetincome":"-605202000.00","capitalExpenditures":"177743000.00"},"yearly_last_3":{"date":"2015-12-31","filing_date":"0000-00-00","investments":"-1282285000.00","changeToLiabilities":"3978679000.00","totalCashflowsFromInvestingActivities":"-935193000.00","netBorrowings":"3113528000.00","totalCashFromFinancingActivities":"1309448000.00","changeToOperatingActivities":"-290976000.00","netIncome":"4524126000.00","changeInCash":"507631000.00","totalCashFromOperatingActivities":"297971000.00","depreciation":"336957000.00","otherCashflowsFromInvestingActivities":"609032000.00","dividendsPaid":"-1129184000.00","changeToInventory":"51454000.00","changeToAccountReceivables":"-7764524000.00","salePurchaseOfStock":"9895000.00","otherCashflowsFromFinancingActivities":"-603665000.00","changeToNetincome":"-543165000.00","capitalExpenditures":"425478000.00"}},"Income_Statement":{"currency_symbol":"USD","quarterly_last_0":{"date":"2019-06-30","filing_date":null,"researchDevelopment":null,"effectOfAccountingCharges":null,"incomeBeforeTax":"1860846000.00","minorityInterest":"865143000.00","netIncome":"1492870000.00","sellingGeneralAdministrative":"385326000.00","grossProfit":"2176081500.00","ebit":"1790755500.00","operatingIncome":"1790755500.00","otherOperatingExpenses":null,"interestExpense":"-539264500.00","extraordinaryItems":null,"nonRecurring":null,"otherItems":null,"incomeTaxExpense":"353462000.00","totalRevenue":"13771250000.00","totalOperatingExpenses":"11980494500.00","costOfRevenue":"11595168500.00","totalOtherIncomeExpenseNet":"70090500.00","discontinuedOperations":null,"netIncomeFromContinuingOps":"1507384000.00","netIncomeApplicableToCommonShares":"1430822500.00"},"quarterly_last_1":{"date":"2019-03-31","filing_date":null,"researchDevelopment":null,"effectOfAccountingCharges":null,"incomeBeforeTax":"1860846000.00","minorityInterest":"865143000.00","netIncome":"1492870000.00","sellingGeneralAdministrative":"385326000.00","grossProfit":"2176081500.00","ebit":"1790755500.00","operatingIncome":"1790755500.00","otherOperatingExpenses":null,"interestExpense":"-539264500.00","extraordinaryItems":null,"nonRecurring":null,"otherItems":null,"incomeTaxExpense":"353462000.00","totalRevenue":"13771250000.00","totalOperatingExpenses":"11980494500.00","costOfRevenue":"11595168500.00","totalOtherIncomeExpenseNet":"70090500.00","discontinuedOperations":null,"netIncomeFromContinuingOps":"1507384000.00","netIncomeApplicableToCommonShares":"1430822500.00"},"quarterly_last_2":{"date":"2018-12-31","filing_date":null,"researchDevelopment":null,"effectOfAccountingCharges":null,"incomeBeforeTax":"1454518000.00","minorityInterest":"745414000.00","netIncome":"997414000.00","sellingGeneralAdministrative":"377689500.00","grossProfit":"2295811000.00","ebit":"1909197500.00","operatingIncome":"1909197500.00","otherOperatingExpenses":null,"interestExpense":"-460353000.00","extraordinaryItems":null,"nonRecurring":null,"otherItems":null,"incomeTaxExpense":"447833500.00","totalRevenue":"14260345500.00","totalOperatingExpenses":"12351148000.00","costOfRevenue":"11964534500.00","totalOtherIncomeExpenseNet":"-454679500.00","discontinuedOperations":null,"netIncomeFromContinuingOps":"1006684500.00","netIncomeApplicableToCommonShares":"988914000.00"},"quarterly_last_3":{"date":"2018-09-30","filing_date":null,"researchDevelopment":null,"effectOfAccountingCharges":null,"incomeBeforeTax":"1454518000.00","minorityInterest":"745414000.00","netIncome":"997414000.00","sellingGeneralAdministrative":"377689500.00","grossProfit":"2295811000.00","ebit":"1909197500.00","operatingIncome":"1909197500.00","otherOperatingExpenses":null,"interestExpense":"-460353000.00","extraordinaryItems":null,"nonRecurring":null,"otherItems":null,"incomeTaxExpense":"447833500.00","totalRevenue":"14260345500.00","totalOperatingExpenses":"12351148000.00","costOfRevenue":"11964534500.00","totalOtherIncomeExpenseNet":"-454679500.00","discontinuedOperations":null,"netIncomeFromContinuingOps":"1006684500.00","netIncomeApplicableToCommonShares":"988914000.00"},"yearly_last_0":{"date":"2018-12-31","filing_date":null,"researchDevelopment":null,"effectOfAccountingCharges":null,"incomeBeforeTax":"6205505000.00","minorityInterest":"745414000.00","netIncome":"4517148000.00","sellingGeneralAdministrative":"1378746000.00","grossProfit":"8696421000.00","ebit":"7299827000.00","operatingIncome":"7299827000.00","otherOperatingExpenses":null,"interestExpense":"-1735354000.00","extraordinaryItems":null,"nonRecurring":null,"otherItems":null,"incomeTaxExpense":"1648872000.00","totalRevenue":"55626304000.00","totalOperatingExpenses":"48326477000.00","costOfRevenue":"46929883000.00","totalOtherIncomeExpenseNet":"-1094322000.00","discontinuedOperations":null,"netIncomeFromContinuingOps":"4556633000.00","netIncomeApplicableToCommonShares":"4500148000.00"},"yearly_last_1":{"date":"2017-12-31","filing_date":"0000-00-00","researchDevelopment":null,"effectOfAccountingCharges":null,"incomeBeforeTax":"6789966000.00","minorityInterest":"375282000.00","netIncome":"5490091000.00","sellingGeneralAdministrative":"1376983000.00","grossProfit":"7615030000.00","ebit":"6220362000.00","operatingIncome":"6220362000.00","otherOperatingExpenses":null,"interestExpense":"-1024660000.00","extraordinaryItems":null,"nonRecurring":null,"otherItems":null,"incomeTaxExpense":"1255662000.00","totalRevenue":"50152524000.00","totalOperatingExpenses":"43932162000.00","costOfRevenue":"42537494000.00","totalOtherIncomeExpenseNet":"569604000.00","discontinuedOperations":null,"netIncomeFromContinuingOps":"5534304000.00","netIncomeApplicableToCommonShares":"5490091000.00"},"yearly_last_2":{"date":"2016-12-31","filing_date":"0000-00-00","researchDevelopment":null,"effectOfAccountingCharges":null,"incomeBeforeTax":"6011720000.00","minorityInterest":"222360000.00","netIncome":"5130066000.00","sellingGeneralAdministrative":"1095249000.00","grossProfit":"5982878000.00","ebit":"4876794000.00","operatingIncome":"4876794000.00","otherOperatingExpenses":null,"interestExpense":"-640399000.00","extraordinaryItems":null,"nonRecurring":null,"otherItems":null,"incomeTaxExpense":"1004504000.00","totalRevenue":"46207508000.00","totalOperatingExpenses":"41330714000.00","costOfRevenue":"40224630000.00","totalOtherIncomeExpenseNet":"1134926000.00","discontinuedOperations":null,"netIncomeFromContinuingOps":"5007216000.00","netIncomeApplicableToCommonShares":"5130066000.00"},"yearly_last_3":{"date":"2015-12-31","filing_date":"0000-00-00","researchDevelopment":null,"effectOfAccountingCharges":null,"incomeBeforeTax":"5132245000.00","minorityInterest":"100262000.00","netIncome":"4524126000.00","sellingGeneralAdministrative":"992781000.00","grossProfit":"5113115000.00","ebit":"4105719000.00","operatingIncome":"4105719000.00","otherOperatingExpenses":null,"interestExpense":"-571173000.00","extraordinaryItems":null,"nonRecurring":null,"otherItems":null,"incomeTaxExpense":"659562000.00","totalRevenue":"38001876000.00","totalOperatingExpenses":"33896157000.00","costOfRevenue":"32888761000.00","totalOtherIncomeExpenseNet":"1026526000.00","discontinuedOperations":null,"netIncomeFromContinuingOps":"4472683000.00","netIncomeApplicableToCommonShares":"4524126000.00"}}}},"3":{"General":{"Code":"YDX","Type":"Common Stock","Name":"Yandex N.V","Exchange":"F","CurrencyCode":"EUR","CurrencyName":"Euro","CurrencySymbol":"\u20ac","CountryName":"Germany","CountryISO":"DE","ISIN":null,"Sector":"Technology","Industry":"Internet Content & Information","Description":"Yandex N.V., an Internet and technology company, operates an Internet search engine in Russia and internationally. The company offers search, location-based, personalized, and mobile services that enable users to find information, and communicate and connect over the Internet from desktops and mobile devices. It provides geolocation services, such as Yandex.Maps, Yandex.Navigator, Yandex.Auto, and Yandex.Routing; Yandex.Mail that provides access to email accounts; Yandex.Disk, a cloud-based storage service; Yandex.News, an online news aggregation service; Yandex.Weather hyperlocal weather information services; Yandex Browser for desktops and mobile platforms; and Yandex Search Apps. The company also provides Yandex.Direct, an auction-based advertising placement platform; Yandex Advertising Network service; Yandex.Radar, a market analytics tool; mobile advertising products; Yandex.Metrica, a web analytics system; Yandex.Market, an e-commerce gateway service; Yandex.Station, a smart speaker; Yandex.Phone, an assistant. In addition, it offers Yandex.Taxi, a ride-sharing service; Auto.ru for used and new cars, commercial vehicles, and spare parts; Yandex.Realty, a real estate classifieds platform; Yandex.Jobs, a job search Website; and Yandex.Travel, a travel aggregator service. Further, it offers KinoPoisk, a Russian language Website for movies, TV series, celebrity content, and entertainment news; Yandex.Music, a music streaming service; Yandex.Afisha to buy tickets to cinemas, theaters, and concerts online; and Yandex.TV Program that provides up to date schedule of broadcast, cable and digital TV channels, as well as an option to view certain TV channels online. Additionally, it offers Yandex Zen, a personal recommendation service; Yandex.Cloud that allows companies to host and develop apps and services, and store and manage data; and Yandex.Drive, a free-floating car-sharing service. Yandex N.V. was incorporated in 2004 and is based in Schiphol, the Netherlands.","FullTimeEmployees":9005,"UpdatedAt":"2019-09-24"},"Highlights":{"MarketCapitalization":10762708992,"MarketCapitalizationMln":"10762.7090","EBITDA":null,"PERatio":"7.6657","PEGRatio":"0.0000","WallStreetTargetPrice":null,"BookValue":"17.7120","DividendShare":null,"DividendYield":"0.0000","EarningsShare":"4.3310","EPSEstimateCurrentYear":null,"EPSEstimateNextYear":null,"EPSEstimateNextQuarter":null,"MostRecentQuarter":"2019-06-30","ProfitMargin":"0.1276","OperatingMarginTTM":"0.0000","ReturnOnAssetsTTM":"0.0631","ReturnOnEquityTTM":"0.0836","RevenueTTM":null,"RevenuePerShareTTM":null,"QuarterlyRevenueGrowthYOY":"0.3950","GrossProfitTTM":"91767000000.00","DilutedEpsTTM":"4.3310","QuarterlyEarningsGrowthYOY":"-0.8910"},"Valuation":{"TrailingPE":"7.6657","ForwardPE":null,"PriceSalesTTM":null,"PriceBookMRQ":"1.8744","EnterpriseValueRevenue":null,"EnterpriseValueEbitda":null},"Technicals":{"Beta":"1.0556","52WeekHigh":"38.0000","52WeekLow":"22.6000","50DayMA":"33.1714","200DayMA":"33.2085","SharesShort":null,"SharesShortPriorMonth":null,"ShortRatio":null,"ShortPercent":null},"SplitsDividends":{"ForwardAnnualDividendRate":null,"ForwardAnnualDividendYield":"0.0000","PayoutRatio":"0.0000","DividendDate":"0000-00-00","ExDividendDate":"0000-00-00","LastSplitFactor":"","LastSplitDate":"0000-00-00"},"Earnings":{"Last_0":{"date":"2018-06-30","epsActual":-0.01,"epsEstimate":null,"epsDifference":null,"surprisePercent":null},"Last_1":{"date":"0000-00-00","epsActual":0,"epsEstimate":0,"epsDifference":0,"surprisePercent":0},"Last_2":{"date":"0000-00-00","epsActual":0,"epsEstimate":0,"epsDifference":0,"surprisePercent":0},"Last_3":{"date":"0000-00-00","epsActual":0,"epsEstimate":0,"epsDifference":0,"surprisePercent":0}},"Financials":{"Balance_Sheet":{"currency_symbol":"KRW","quarterly_last_0":{"date":"2019-06-30","filing_date":null,"intangibleAssets":"10893000000.00","totalLiab":"48458000000.00","totalStockholderEquity":"187253000000.00","deferredLongTermLiab":null,"otherCurrentLiab":"9346000000.00","totalAssets":"270519000000.00","commonStock":"263000000.00","otherCurrentAssets":"6388000000.00","retainedEarnings":"117920000000.00","otherLiab":"3164000000.00","goodWill":"52967000000.00","otherAssets":"9071000000.00","cash":"33809000000.00","totalCurrentLiabilities":"35418000000.00","shortLongTermDebt":null,"otherStockholderEquity":"5692000000.00","propertyPlantEquipment":"59717000000.00","totalCurrentAssets":"107398000000.00","longTermInvestments":"30473000000.00","netTangibleAssets":"123393000000.00","shortTermInvestments":"45670000000.00","netReceivables":"19086000000.00","longTermDebt":"9876000000.00","inventory":null,"accountsPayable":"26072000000.00"},"quarterly_last_1":{"date":"2019-03-31","filing_date":null,"intangibleAssets":"11257000000.00","totalLiab":"51653000000.00","totalStockholderEquity":"182121000000.00","deferredLongTermLiab":null,"otherCurrentLiab":"8307000000.00","totalAssets":"268573000000.00","commonStock":"263000000.00","otherCurrentAssets":"6487000000.00","retainedEarnings":"114916000000.00","otherLiab":"2818000000.00","goodWill":"52967000000.00","otherAssets":"9011000000.00","cash":"53825000000.00","totalCurrentLiabilities":"38392000000.00","shortLongTermDebt":null,"otherStockholderEquity":"5854000000.00","propertyPlantEquipment":"59674000000.00","totalCurrentAssets":"99896000000.00","longTermInvestments":"35768000000.00","netTangibleAssets":"117897000000.00","shortTermInvestments":"19809000000.00","netReceivables":"17339000000.00","longTermDebt":"10443000000.00","inventory":null,"accountsPayable":"30085000000.00"},"quarterly_last_2":{"date":"2018-12-31","filing_date":null,"intangibleAssets":"11545000000.00","totalLiab":"25878000000.00","totalStockholderEquity":"180049000000.00","deferredLongTermLiab":null,"otherCurrentLiab":"3635000000.00","totalAssets":"241698000000.00","commonStock":"263000000.00","otherCurrentAssets":"351000000.00","retainedEarnings":"112644000000.00","otherLiab":"2141000000.00","goodWill":"52662000000.00","otherAssets":"8847000000.00","cash":"68798000000.00","totalCurrentLiabilities":"23737000000.00","shortLongTermDebt":null,"otherStockholderEquity":"8182000000.00","propertyPlantEquipment":"39740000000.00","totalCurrentAssets":"92420000000.00","longTermInvestments":"36484000000.00","netTangibleAssets":"115842000000.00","shortTermInvestments":null,"netReceivables":"20377000000.00","longTermDebt":null,"inventory":"265000000.00","accountsPayable":"15213000000.00"},"quarterly_last_3":{"date":"2018-09-30","filing_date":null,"intangibleAssets":"11191000000.00","totalLiab":"45570000000.00","totalStockholderEquity":"178213000000.00","deferredLongTermLiab":null,"otherCurrentLiab":"5961000000.00","totalAssets":"252789000000.00","commonStock":"264000000.00","otherCurrentAssets":"6252000000.00","retainedEarnings":"111979000000.00","otherLiab":"2177000000.00","goodWill":"52667000000.00","otherAssets":"8684000000.00","cash":"49388000000.00","totalCurrentLiabilities":"43393000000.00","shortLongTermDebt":"20904000000.00","otherStockholderEquity":"7753000000.00","propertyPlantEquipment":"29339000000.00","totalCurrentAssets":"113998000000.00","longTermInvestments":"36910000000.00","netTangibleAssets":"114355000000.00","shortTermInvestments":"44077000000.00","netReceivables":"12123000000.00","longTermDebt":null,"inventory":null,"accountsPayable":"16528000000.00"},"yearly_last_0":{"date":"2018-12-31","filing_date":null,"intangibleAssets":"11545000000.00","totalLiab":"25878000000.00","totalStockholderEquity":"180049000000.00","deferredLongTermLiab":null,"otherCurrentLiab":"3635000000.00","totalAssets":"241698000000.00","commonStock":"263000000.00","otherCurrentAssets":"351000000.00","retainedEarnings":"112644000000.00","otherLiab":"2141000000.00","goodWill":"52662000000.00","otherAssets":"8847000000.00","cash":"68798000000.00","totalCurrentLiabilities":"23737000000.00","shortLongTermDebt":null,"otherStockholderEquity":"8182000000.00","propertyPlantEquipment":"39740000000.00","totalCurrentAssets":"92420000000.00","longTermInvestments":"36484000000.00","netTangibleAssets":"115842000000.00","shortTermInvestments":null,"netReceivables":"20377000000.00","longTermDebt":null,"inventory":"265000000.00","accountsPayable":"15213000000.00"},"yearly_last_1":{"date":"2017-12-31","filing_date":null,"intangibleAssets":"5023000000.00","totalLiab":"37897000000.00","totalStockholderEquity":"82826000000.00","deferredLongTermLiab":"16700000.00","otherCurrentLiab":"3094000000.00","totalAssets":"130544000000.00","commonStock":"271000000.00","otherCurrentAssets":"677000000.00","retainedEarnings":"68036000000.00","otherLiab":"2275000000.00","goodWill":"9328000000.00","otherAssets":"7260000000.00","cash":"42662000000.00","totalCurrentLiabilities":"35622000000.00","shortLongTermDebt":"17834000000.00","otherStockholderEquity":"1864000000.00","propertyPlantEquipment":"21171000000.00","totalCurrentAssets":"80756000000.00","longTermInvestments":"7006000000.00","netTangibleAssets":"68475000000.00","shortTermInvestments":"23040000000.00","netReceivables":"13054000000.00","longTermDebt":null,"inventory":"40000000.00","accountsPayable":"9202000000.00"},"yearly_last_2":{"date":"2016-12-31","filing_date":null,"intangibleAssets":"5514000000.00","totalLiab":"35516000000.00","totalStockholderEquity":"77086000000.00","deferredLongTermLiab":"17000000.00","otherCurrentLiab":"5090000000.00","totalAssets":"114108000000.00","commonStock":"284000000.00","otherCurrentAssets":"172000000.00","retainedEarnings":"67695000000.00","otherLiab":"2144000000.00","goodWill":"8436000000.00","otherAssets":"7561000000.00","cash":"28232000000.00","totalCurrentLiabilities":"14622000000.00","shortLongTermDebt":"18750000000.00","otherStockholderEquity":"896000000.00","propertyPlantEquipment":"16114000000.00","totalCurrentAssets":"74970000000.00","longTermInvestments":"1513000000.00","netTangibleAssets":"63136000000.00","shortTermInvestments":"34802000000.00","netReceivables":"10134000000.00","longTermDebt":"18750000000.00","inventory":null,"accountsPayable":"7852000000.00"},"yearly_last_3":{"date":"2015-12-31","filing_date":null,"intangibleAssets":"5988000000.00","totalLiab":"41721000000.00","totalStockholderEquity":"70097000000.00","deferredLongTermLiab":"21300000.00","otherCurrentLiab":"4675000000.00","totalAssets":"111818000000.00","commonStock":"75000000.00","otherCurrentAssets":"1101000000.00","retainedEarnings":"62197000000.00","otherLiab":"2678000000.00","goodWill":"8581000000.00","otherAssets":"3639000000.00","cash":"24238000000.00","totalCurrentLiabilities":"11669000000.00","shortLongTermDebt":"27374000000.00","otherStockholderEquity":"3099000000.00","propertyPlantEquipment":"20860000000.00","totalCurrentAssets":"53229000000.00","longTermInvestments":"19521000000.00","netTangibleAssets":"55528000000.00","shortTermInvestments":"18065000000.00","netReceivables":"8320000000.00","longTermDebt":"27374000000.00","inventory":null,"accountsPayable":"6015000000.00"}},"Cash_Flow":{"currency_symbol":"KRW","quarterly_last_0":{"date":"2019-06-30","filing_date":null,"investments":"-22268000000.00","changeToLiabilities":"-831000000.00","totalCashflowsFromInvestingActivities":"-29886000000.00","netBorrowings":null,"totalCashFromFinancingActivities":"-161000000.00","changeToOperatingActivities":"-1504000000.00","netIncome":"3705000000.00","changeInCash":"-20016000000.00","totalCashFromOperatingActivities":"10543000000.00","depreciation":"5853000000.00","otherCashflowsFromInvestingActivities":null,"dividendsPaid":null,"changeToInventory":null,"changeToAccountReceivables":"-908000000.00","salePurchaseOfStock":null,"otherCashflowsFromFinancingActivities":"-181000000.00","changeToNetincome":"4228000000.00","capitalExpenditures":"7724000000.00"},"quarterly_last_1":{"date":"2019-03-31","filing_date":null,"investments":"-20000000000.00","changeToLiabilities":"3924000000.00","totalCashflowsFromInvestingActivities":"-22321000000.00","netBorrowings":null,"totalCashFromFinancingActivities":"-39000000.00","changeToOperatingActivities":"-3138000000.00","netIncome":"3522000000.00","changeInCash":"-15017000000.00","totalCashFromOperatingActivities":"10527000000.00","depreciation":"3257000000.00","otherCashflowsFromInvestingActivities":null,"dividendsPaid":null,"changeToInventory":null,"changeToAccountReceivables":"-668000000.00","salePurchaseOfStock":null,"otherCashflowsFromFinancingActivities":"-70000000.00","changeToNetincome":"3630000000.00","capitalExpenditures":"1981000000.00"},"quarterly_last_2":{"date":"2018-12-31","filing_date":null,"investments":"45160000000.00","changeToLiabilities":"1979000000.00","totalCashflowsFromInvestingActivities":"30489000000.00","netBorrowings":"-21281000000.00","totalCashFromFinancingActivities":"-21665000000.00","changeToOperatingActivities":"-1115000000.00","netIncome":"6059000000.00","changeInCash":"19420000000.00","totalCashFromOperatingActivities":"8607000000.00","depreciation":"1906000000.00","otherCashflowsFromInvestingActivities":null,"dividendsPaid":null,"changeToInventory":null,"changeToAccountReceivables":"-2221000000.00","salePurchaseOfStock":null,"otherCashflowsFromFinancingActivities":"-72000000.00","changeToNetincome":"532000000.00","capitalExpenditures":"13857000000.00"},"quarterly_last_3":{"date":"2018-09-30","filing_date":null,"investments":"20227000000.00","changeToLiabilities":"1594000000.00","totalCashflowsFromInvestingActivities":"15705000000.00","netBorrowings":"-21281000000.00","totalCashFromFinancingActivities":"-10318000000.00","changeToOperatingActivities":"-1843000000.00","netIncome":"5102000000.00","changeInCash":"13350000000.00","totalCashFromOperatingActivities":"7596000000.00","depreciation":"3118000000.00","otherCashflowsFromInvestingActivities":null,"dividendsPaid":null,"changeToInventory":null,"changeToAccountReceivables":"-1332000000.00","salePurchaseOfStock":null,"otherCashflowsFromFinancingActivities":"-777000000.00","changeToNetincome":"756000000.00","capitalExpenditures":"4305000000.00"},"yearly_last_0":{"date":"2018-12-31","filing_date":null,"investments":"36756000000.00","changeToLiabilities":"6655000000.00","totalCashflowsFromInvestingActivities":"25959000000.00","netBorrowings":"-21281000000.00","totalCashFromFinancingActivities":"-32804000000.00","changeToOperatingActivities":"-5887000000.00","netIncome":"47587000000.00","changeInCash":"25655000000.00","totalCashFromOperatingActivities":"28212000000.00","depreciation":"10840000000.00","otherCashflowsFromInvestingActivities":null,"dividendsPaid":null,"changeToInventory":null,"changeToAccountReceivables":"-4705000000.00","salePurchaseOfStock":null,"otherCashflowsFromFinancingActivities":"-1553000000.00","changeToNetincome":"-28303000000.00","capitalExpenditures":"28323000000.00"},"yearly_last_1":{"date":"2017-12-31","filing_date":"0000-00-00","investments":"5612000000.00","changeToLiabilities":"3242000000.00","totalCashflowsFromInvestingActivities":"-7788000000.00","netBorrowings":"-668000000.00","totalCashFromFinancingActivities":"-587000000.00","changeToOperatingActivities":"-2224000000.00","netIncome":"8776000000.00","changeInCash":"14421000000.00","totalCashFromOperatingActivities":"23772000000.00","depreciation":"9510000000.00","otherCashflowsFromInvestingActivities":"31400000.00","dividendsPaid":null,"changeToInventory":null,"changeToAccountReceivables":"-1996000000.00","salePurchaseOfStock":"328000000.00","otherCashflowsFromFinancingActivities":"-247000000.00","changeToNetincome":"4051000000.00","capitalExpenditures":"12389000000.00"},"yearly_last_2":{"date":"2016-12-31","filing_date":"0000-00-00","investments":"-3108000000.00","changeToLiabilities":"4115000000.00","totalCashflowsFromInvestingActivities":"-13106000000.00","netBorrowings":"-5397000000.00","totalCashFromFinancingActivities":"-5549000000.00","changeToOperatingActivities":"113000000.00","netIncome":"6798000000.00","changeInCash":"3182000000.00","totalCashFromOperatingActivities":"25286000000.00","depreciation":"8143000000.00","otherCashflowsFromInvestingActivities":"-29600000.00","dividendsPaid":null,"changeToInventory":null,"changeToAccountReceivables":"-2385000000.00","salePurchaseOfStock":"431000000.00","otherCashflowsFromFinancingActivities":"-583000000.00","changeToNetincome":"6127000000.00","capitalExpenditures":"9625000000.00"},"yearly_last_3":{"date":"2015-12-31","filing_date":"0000-00-00","investments":"1674000000.00","changeToLiabilities":"1024000000.00","totalCashflowsFromInvestingActivities":"-11734000000.00","netBorrowings":"-6096000000.00","totalCashFromFinancingActivities":"-6211000000.00","changeToOperatingActivities":"867000000.00","netIncome":"9679000000.00","changeInCash":"6482000000.00","totalCashFromOperatingActivities":"19375000000.00","depreciation":"6699000000.00","otherCashflowsFromInvestingActivities":"8500000.00","dividendsPaid":null,"changeToInventory":null,"changeToAccountReceivables":"-1763000000.00","salePurchaseOfStock":"168000000.00","otherCashflowsFromFinancingActivities":"-283000000.00","changeToNetincome":"810000000.00","capitalExpenditures":"13045000000.00"}},"Income_Statement":{"currency_symbol":"KRW","quarterly_last_0":{"date":"2019-06-30","filing_date":null,"researchDevelopment":"6995000000.00","effectOfAccountingCharges":null,"incomeBeforeTax":"6449000000.00","minorityInterest":"34808000000.00","netIncome":"3705000000.00","sellingGeneralAdministrative":"11082000000.00","grossProfit":"28820000000.00","ebit":"6987000000.00","operatingIncome":"6987000000.00","otherOperatingExpenses":null,"interestExpense":"-12000000.00","extraordinaryItems":null,"nonRecurring":null,"otherItems":null,"incomeTaxExpense":"3033000000.00","totalRevenue":"41397000000.00","totalOperatingExpenses":"34410000000.00","costOfRevenue":"12577000000.00","totalOtherIncomeExpenseNet":"-538000000.00","discontinuedOperations":null,"netIncomeFromContinuingOps":"3416000000.00","netIncomeApplicableToCommonShares":"3705000000.00"},"quarterly_last_1":{"date":"2019-03-31","filing_date":null,"researchDevelopment":"6706000000.00","effectOfAccountingCharges":null,"incomeBeforeTax":"5338000000.00","minorityInterest":"34799000000.00","netIncome":"3522000000.00","sellingGeneralAdministrative":"10351000000.00","grossProfit":"25699000000.00","ebit":"5385000000.00","operatingIncome":"5385000000.00","otherOperatingExpenses":null,"interestExpense":"-1000000.00","extraordinaryItems":null,"nonRecurring":null,"otherItems":null,"incomeTaxExpense":"2214000000.00","totalRevenue":"37284000000.00","totalOperatingExpenses":"31899000000.00","costOfRevenue":"11585000000.00","totalOtherIncomeExpenseNet":"-47000000.00","discontinuedOperations":null,"netIncomeFromContinuingOps":"3124000000.00","netIncomeApplicableToCommonShares":"3522000000.00"},"quarterly_last_2":{"date":"2018-12-31","filing_date":null,"researchDevelopment":"5854000000.00","effectOfAccountingCharges":null,"incomeBeforeTax":"8450000000.00","minorityInterest":"35771000000.00","netIncome":"6059000000.00","sellingGeneralAdministrative":"9976000000.00","grossProfit":"26986000000.00","ebit":"7953000000.00","operatingIncome":"7953000000.00","otherOperatingExpenses":null,"interestExpense":"-221000000.00","extraordinaryItems":null,"nonRecurring":null,"otherItems":null,"incomeTaxExpense":"2539000000.00","totalRevenue":"38842000000.00","totalOperatingExpenses":"30889000000.00","costOfRevenue":"11856000000.00","totalOtherIncomeExpenseNet":"497000000.00","discontinuedOperations":null,"netIncomeFromContinuingOps":"5911000000.00","netIncomeApplicableToCommonShares":"6059000000.00"},"quarterly_last_3":{"date":"2018-09-30","filing_date":null,"researchDevelopment":"5542000000.00","effectOfAccountingCharges":null,"incomeBeforeTax":"7178000000.00","minorityInterest":"29006000000.00","netIncome":"5102000000.00","sellingGeneralAdministrative":"8957000000.00","grossProfit":"23500000000.00","ebit":"5883000000.00","operatingIncome":"5883000000.00","otherOperatingExpenses":null,"interestExpense":"-260000000.00","extraordinaryItems":null,"nonRecurring":null,"otherItems":null,"incomeTaxExpense":"2410000000.00","totalRevenue":"32570000000.00","totalOperatingExpenses":"26687000000.00","costOfRevenue":"9070000000.00","totalOtherIncomeExpenseNet":"1295000000.00","discontinuedOperations":null,"netIncomeFromContinuingOps":"4768000000.00","netIncomeApplicableToCommonShares":"5102000000.00"},"yearly_last_0":{"date":"2018-12-31","filing_date":null,"researchDevelopment":"22569000000.00","effectOfAccountingCharges":null,"incomeBeforeTax":"54464000000.00","minorityInterest":"35771000000.00","netIncome":"47587000000.00","sellingGeneralAdministrative":"35718000000.00","grossProfit":"91767000000.00","ebit":"21343000000.00","operatingIncome":"21343000000.00","otherOperatingExpenses":null,"interestExpense":"-945000000.00","extraordinaryItems":null,"nonRecurring":null,"otherItems":null,"incomeTaxExpense":"8603000000.00","totalRevenue":"127657000000.00","totalOperatingExpenses":"106314000000.00","costOfRevenue":"35890000000.00","totalOtherIncomeExpenseNet":"33121000000.00","discontinuedOperations":null,"netIncomeFromContinuingOps":"45861000000.00","netIncomeApplicableToCommonShares":"47587000000.00"},"yearly_last_1":{"date":"2017-12-31","filing_date":"0000-00-00","researchDevelopment":"18761000000.00","effectOfAccountingCharges":null,"incomeBeforeTax":"13582000000.00","minorityInterest":"9821000000.00","netIncome":"8776000000.00","sellingGeneralAdministrative":"26762000000.00","grossProfit":"70117000000.00","ebit":"13355000000.00","operatingIncome":"13355000000.00","otherOperatingExpenses":"195200000.00","interestExpense":"-897000000.00","extraordinaryItems":null,"nonRecurring":null,"otherItems":null,"incomeTaxExpense":"4926000000.00","totalRevenue":"94054000000.00","totalOperatingExpenses":"80699000000.00","costOfRevenue":"23937000000.00","totalOtherIncomeExpenseNet":"227000000.00","discontinuedOperations":null,"netIncomeFromContinuingOps":"8656000000.00","netIncomeApplicableToCommonShares":"8776000000.00"},"yearly_last_2":{"date":"2016-12-31","filing_date":"0000-00-00","researchDevelopment":"15832000000.00","effectOfAccountingCharges":null,"incomeBeforeTax":"11107000000.00","minorityInterest":"1506000000.00","netIncome":"6798000000.00","sellingGeneralAdministrative":"17885000000.00","grossProfit":"56171000000.00","ebit":"12847000000.00","operatingIncome":"12847000000.00","otherOperatingExpenses":"157400000.00","interestExpense":"-1208000000.00","extraordinaryItems":null,"nonRecurring":null,"otherItems":null,"incomeTaxExpense":"4324000000.00","totalRevenue":"75925000000.00","totalOperatingExpenses":"63078000000.00","costOfRevenue":"19754000000.00","totalOtherIncomeExpenseNet":"-1740000000.00","discontinuedOperations":null,"netIncomeFromContinuingOps":"6783000000.00","netIncomeApplicableToCommonShares":"6798000000.00"},"yearly_last_3":{"date":"2015-12-31","filing_date":"0000-00-00","researchDevelopment":"13421000000.00","effectOfAccountingCharges":null,"incomeBeforeTax":"13596000000.00","minorityInterest":"1506000000.00","netIncome":"9679000000.00","sellingGeneralAdministrative":"11601000000.00","grossProfit":"42982000000.00","ebit":"10169000000.00","operatingIncome":"10169000000.00","otherOperatingExpenses":"106700000.00","interestExpense":"-1293000000.00","extraordinaryItems":null,"nonRecurring":"8000000.00","otherItems":null,"incomeTaxExpense":"3917000000.00","totalRevenue":"59792000000.00","totalOperatingExpenses":"49623000000.00","costOfRevenue":"16810000000.00","totalOtherIncomeExpenseNet":"3427000000.00","discontinuedOperations":null,"netIncomeFromContinuingOps":"9679000000.00","netIncomeApplicableToCommonShares":"9679000000.00"}}}},"4":{"General":{"Code":"ROG","Type":"Common Stock","Name":"Select Sands Corp","Exchange":"F","CurrencyCode":"EUR","CurrencyName":"Euro","CurrencySymbol":"\u20ac","CountryName":"Germany","CountryISO":"DE","ISIN":null,"Sector":"Basic Materials","Industry":"Industrial Metals & Minerals","Description":"Select Sands Corp. engages in quarrying and producing silica sand. It holds a 100% interest in the Sandtown property covering approximately 520 acres located in northeast Arkansas, the United States. Select Sands Corp. sells its products to industrial and energy customers. The company was formerly known as La Ronge Gold Corp. and changed its name to Select Sands Corp. in November 2014. Select Sands Corp. was incorporated in 2006 and is based in Vancouver, Canada.","FullTimeEmployees":0,"UpdatedAt":"2019-09-24"},"Highlights":{"MarketCapitalization":1219157,"MarketCapitalizationMln":"1.2192","EBITDA":-2650297,"PERatio":null,"PEGRatio":"0.0000","WallStreetTargetPrice":null,"BookValue":"0.1900","DividendShare":null,"DividendYield":"0.0000","EarningsShare":"-0.0740","EPSEstimateCurrentYear":null,"EPSEstimateNextYear":null,"EPSEstimateNextQuarter":null,"MostRecentQuarter":"2019-06-30","ProfitMargin":"-0.8340","OperatingMarginTTM":"-0.4728","ReturnOnAssetsTTM":"-0.0909","ReturnOnEquityTTM":"-0.3296","RevenueTTM":"7839631.00","RevenuePerShareTTM":"0.0890","QuarterlyRevenueGrowthYOY":"-0.8560","GrossProfitTTM":"4613115.00","DilutedEpsTTM":"-0.0740","QuarterlyEarningsGrowthYOY":null},"Valuation":{"TrailingPE":null,"ForwardPE":null,"PriceSalesTTM":null,"PriceBookMRQ":"0.0200","EnterpriseValueRevenue":"0.3330","EnterpriseValueEbitda":"-0.9850"},"Technicals":{"Beta":"1.5741","52WeekHigh":"0.1400","52WeekLow":"0.0003","50DayMA":"0.0085","200DayMA":"0.0357","SharesShort":null,"SharesShortPriorMonth":null,"ShortRatio":null,"ShortPercent":null},"SplitsDividends":{"ForwardAnnualDividendRate":null,"ForwardAnnualDividendYield":"0.0000","PayoutRatio":"0.0000","DividendDate":"0000-00-00","ExDividendDate":"0000-00-00","LastSplitFactor":"","LastSplitDate":"0000-00-00"},"Earnings":{"Last_0":{"date":"2018-06-30","epsActual":0.94,"epsEstimate":null,"epsDifference":null,"surprisePercent":null},"Last_1":{"date":"0000-00-00","epsActual":0,"epsEstimate":0,"epsDifference":0,"surprisePercent":0},"Last_2":{"date":"0000-00-00","epsActual":0,"epsEstimate":0,"epsDifference":0,"surprisePercent":0},"Last_3":{"date":"0000-00-00","epsActual":0,"epsEstimate":0,"epsDifference":0,"surprisePercent":0}},"Financials":{"Balance_Sheet":{"currency_symbol":"EUR","quarterly_last_0":{"date":"2019-06-30","filing_date":null,"intangibleAssets":null,"totalLiab":"5023554.00","totalStockholderEquity":"16825529.00","deferredLongTermLiab":null,"otherCurrentLiab":null,"totalAssets":"21849083.00","commonStock":"34803135.00","otherCurrentAssets":null,"retainedEarnings":"-23599318.00","otherLiab":"78100.00","goodWill":null,"otherAssets":"300094.00","cash":"1926271.00","totalCurrentLiabilities":"2288874.00","shortLongTermDebt":"1543960.00","otherStockholderEquity":"5621712.00","propertyPlantEquipment":"15533010.00","totalCurrentAssets":"5600309.00","longTermInvestments":"415670.00","netTangibleAssets":"16825529.00","shortTermInvestments":null,"netReceivables":"897282.00","longTermDebt":"2500232.00","inventory":"2684800.00","accountsPayable":"713176.00"},"quarterly_last_1":{"date":"2019-03-31","filing_date":null,"intangibleAssets":null,"totalLiab":"5381744.00","totalStockholderEquity":"19943022.00","deferredLongTermLiab":null,"otherCurrentLiab":null,"totalAssets":"25324766.00","commonStock":"34803135.00","otherCurrentAssets":null,"retainedEarnings":"-20521533.00","otherLiab":"78100.00","goodWill":null,"otherAssets":"2422887.00","cash":"3225692.00","totalCurrentLiabilities":"2121755.00","shortLongTermDebt":"1189448.00","otherStockholderEquity":"5661420.00","propertyPlantEquipment":"15764381.00","totalCurrentAssets":"6695225.00","longTermInvestments":"442273.00","netTangibleAssets":"19943022.00","shortTermInvestments":null,"netReceivables":"1123080.00","longTermDebt":"3014214.00","inventory":"2182537.00","accountsPayable":"890566.00"},"quarterly_last_2":{"date":"2018-12-31","filing_date":null,"intangibleAssets":null,"totalLiab":"5257502.00","totalStockholderEquity":"20655952.00","deferredLongTermLiab":null,"otherCurrentLiab":null,"totalAssets":"25913454.00","commonStock":"34803135.00","otherCurrentAssets":null,"retainedEarnings":"-19714987.00","otherLiab":"78100.00","goodWill":null,"otherAssets":"2054455.00","cash":"4847974.00","totalCurrentLiabilities":"1412362.00","shortLongTermDebt":"780039.00","otherStockholderEquity":"5567804.00","propertyPlantEquipment":"15844463.00","totalCurrentAssets":"7443733.00","longTermInvestments":"570803.00","netTangibleAssets":"20655952.00","shortTermInvestments":null,"netReceivables":"397789.00","longTermDebt":"3767040.00","inventory":"2085163.00","accountsPayable":"620769.00"},"quarterly_last_3":{"date":"2018-09-30","filing_date":null,"intangibleAssets":null,"totalLiab":"5248998.00","totalStockholderEquity":"22838872.00","deferredLongTermLiab":null,"otherCurrentLiab":null,"totalAssets":"28087870.00","commonStock":"34803675.00","otherCurrentAssets":null,"retainedEarnings":"-17197311.00","otherLiab":null,"goodWill":null,"otherAssets":"2486115.00","cash":"5299781.00","totalCurrentLiabilities":"2293610.00","shortLongTermDebt":"1170616.00","otherStockholderEquity":"5232508.00","propertyPlantEquipment":"15631747.00","totalCurrentAssets":"8699405.00","longTermInvestments":"1270603.00","netTangibleAssets":"22838872.00","shortTermInvestments":null,"netReceivables":"756137.00","longTermDebt":"2955388.00","inventory":"2560041.00","accountsPayable":"1088864.00"},"yearly_last_0":{"date":"2018-12-31","filing_date":null,"intangibleAssets":null,"totalLiab":"5257502.00","totalStockholderEquity":"20655952.00","deferredLongTermLiab":null,"otherCurrentLiab":null,"totalAssets":"25913454.00","commonStock":"34803135.00","otherCurrentAssets":null,"retainedEarnings":"-19714987.00","otherLiab":"78100.00","goodWill":null,"otherAssets":"2054455.00","cash":"4847974.00","totalCurrentLiabilities":"1412362.00","shortLongTermDebt":"780039.00","otherStockholderEquity":"5567804.00","propertyPlantEquipment":"15844463.00","totalCurrentAssets":"7443733.00","longTermInvestments":"570803.00","netTangibleAssets":"20655952.00","shortTermInvestments":null,"netReceivables":"397789.00","longTermDebt":"3767040.00","inventory":"2085163.00","accountsPayable":"620769.00"},"yearly_last_1":{"date":"2017-12-31","filing_date":null,"intangibleAssets":null,"totalLiab":"4480329.00","totalStockholderEquity":"20408806.00","deferredLongTermLiab":null,"otherCurrentLiab":null,"totalAssets":"24889135.00","commonStock":"34717344.00","otherCurrentAssets":"83223.00","retainedEarnings":"-19240307.00","otherLiab":null,"goodWill":null,"otherAssets":"2720580.00","cash":"2047515.00","totalCurrentLiabilities":"2196233.00","shortLongTermDebt":"778051.00","otherStockholderEquity":"4931769.00","propertyPlantEquipment":"13415238.00","totalCurrentAssets":"7477908.00","longTermInvestments":"1275409.00","netTangibleAssets":"20408806.00","shortTermInvestments":null,"netReceivables":"3385597.00","longTermDebt":"2284096.00","inventory":"1961573.00","accountsPayable":"1405145.00"},"yearly_last_2":{"date":"2016-12-31","filing_date":null,"intangibleAssets":null,"totalLiab":"310725.00","totalStockholderEquity":"17576359.00","deferredLongTermLiab":null,"otherCurrentLiab":null,"totalAssets":"17887084.00","commonStock":"33327114.00","otherCurrentAssets":"35584.00","retainedEarnings":"-17669477.00","otherLiab":null,"goodWill":null,"otherAssets":"113965.00","cash":"8770627.00","totalCurrentLiabilities":"310725.00","shortLongTermDebt":null,"otherStockholderEquity":"1918722.00","propertyPlantEquipment":"6633037.00","totalCurrentAssets":"8905778.00","longTermInvestments":"2234304.00","netTangibleAssets":"17576359.00","shortTermInvestments":null,"netReceivables":"99567.00","longTermDebt":null,"inventory":null,"accountsPayable":"270295.00"},"yearly_last_3":{"date":"2016-01-01","filing_date":null,"intangibleAssets":null,"totalLiab":"80732.00","totalStockholderEquity":"5983729.00","deferredLongTermLiab":null,"otherCurrentLiab":null,"totalAssets":"6064461.00","commonStock":"19722362.00","otherCurrentAssets":"23808.00","retainedEarnings":"-15196180.00","otherLiab":null,"goodWill":null,"otherAssets":"3738843.00","cash":"2291944.00","totalCurrentLiabilities":"80732.00","shortLongTermDebt":null,"otherStockholderEquity":"1457547.00","propertyPlantEquipment":null,"totalCurrentAssets":"2325618.00","longTermInvestments":null,"netTangibleAssets":"5983729.00","shortTermInvestments":null,"netReceivables":"9866.00","longTermDebt":null,"inventory":null,"accountsPayable":"80732.00"}},"Cash_Flow":{"currency_symbol":"EUR","quarterly_last_0":{"date":"2019-06-30","filing_date":null,"investments":null,"changeToLiabilities":"-210046.00","totalCashflowsFromInvestingActivities":"-44950.00","netBorrowings":"-190405.00","totalCashFromFinancingActivities":"-190405.00","changeToOperatingActivities":"71960.00","netIncome":"-3077785.00","changeInCash":"-1299421.00","totalCashFromOperatingActivities":"-1006576.00","depreciation":"276321.00","otherCashflowsFromInvestingActivities":null,"dividendsPaid":null,"changeToInventory":"-502263.00","changeToAccountReceivables":"-151057.00","salePurchaseOfStock":null,"otherCashflowsFromFinancingActivities":null,"changeToNetincome":"2209439.00","capitalExpenditures":"44950.00"},"quarterly_last_1":{"date":"2019-03-31","filing_date":null,"investments":null,"changeToLiabilities":"321179.00","totalCashflowsFromInvestingActivities":"-17082.00","netBorrowings":"-372143.00","totalCashFromFinancingActivities":"-372143.00","changeToOperatingActivities":"-51109.00","netIncome":"-806546.00","changeInCash":"-1622282.00","totalCashFromOperatingActivities":"-1269755.00","depreciation":"276165.00","otherCashflowsFromInvestingActivities":null,"dividendsPaid":null,"changeToInventory":"-97374.00","changeToAccountReceivables":"-725291.00","salePurchaseOfStock":null,"otherCashflowsFromFinancingActivities":null,"changeToNetincome":"-186779.00","capitalExpenditures":"17082.00"},"quarterly_last_2":{"date":"2018-12-31","filing_date":null,"investments":null,"changeToLiabilities":"-162204.00","totalCashflowsFromInvestingActivities":"-596776.00","netBorrowings":"267992.00","totalCashFromFinancingActivities":"267664.00","changeToOperatingActivities":"-29361.00","netIncome":"-2517676.00","changeInCash":"-451807.00","totalCashFromOperatingActivities":"-356446.00","depreciation":"282807.00","otherCashflowsFromInvestingActivities":"-44300.00","dividendsPaid":null,"changeToInventory":"474878.00","changeToAccountReceivables":"735203.00","salePurchaseOfStock":null,"otherCashflowsFromFinancingActivities":null,"changeToNetincome":"1236762.00","capitalExpenditures":"552476.00"},"quarterly_last_3":{"date":"2018-09-30","filing_date":null,"investments":null,"changeToLiabilities":"-889881.00","totalCashflowsFromInvestingActivities":"-69194.00","netBorrowings":"-150142.00","totalCashFromFinancingActivities":"-97719.00","changeToOperatingActivities":"5811.00","netIncome":"-136140.00","changeInCash":"1149425.00","totalCashFromOperatingActivities":"1409088.00","depreciation":"243818.00","otherCashflowsFromInvestingActivities":"23180.00","dividendsPaid":null,"changeToInventory":"-783316.00","changeToAccountReceivables":"3214734.00","salePurchaseOfStock":null,"otherCashflowsFromFinancingActivities":null,"changeToNetincome":"-245938.00","capitalExpenditures":"92374.00"},"yearly_last_0":{"date":"2018-12-31","filing_date":null,"investments":"-100000.00","changeToLiabilities":"-720659.00","totalCashflowsFromInvestingActivities":"-1808990.00","netBorrowings":"-225134.00","totalCashFromFinancingActivities":"-173039.00","changeToOperatingActivities":"-29584.00","netIncome":"-474680.00","changeInCash":"2800459.00","totalCashFromOperatingActivities":"4702244.00","depreciation":"987151.00","otherCashflowsFromInvestingActivities":"-714.00","dividendsPaid":null,"changeToInventory":"-123590.00","changeToAccountReceivables":"3364663.00","salePurchaseOfStock":null,"otherCashflowsFromFinancingActivities":null,"changeToNetincome":"2075798.00","capitalExpenditures":"1708276.00"},"yearly_last_1":{"date":"2017-12-31","filing_date":"0000-00-00","investments":"-100000.00","changeToLiabilities":"1107457.00","totalCashflowsFromInvestingActivities":"-4508998.00","netBorrowings":"439981.00","totalCashFromFinancingActivities":"1693297.00","changeToOperatingActivities":"-47639.00","netIncome":"-1570830.00","changeInCash":"-6723112.00","totalCashFromOperatingActivities":"-4524022.00","depreciation":"622926.00","otherCashflowsFromInvestingActivities":"-250615.00","dividendsPaid":null,"changeToInventory":"-1961573.00","changeToAccountReceivables":"-3286030.00","salePurchaseOfStock":"1253316.00","otherCashflowsFromFinancingActivities":null,"changeToNetincome":"611667.00","capitalExpenditures":"4266169.00"},"yearly_last_2":{"date":"2016-12-31","filing_date":"0000-00-00","investments":"-10193.00","changeToLiabilities":"230444.00","totalCashflowsFromInvestingActivities":"-5744340.00","netBorrowings":"439981.00","totalCashFromFinancingActivities":"13096777.00","changeToOperatingActivities":"-11187.00","netIncome":"-2473297.00","changeInCash":"6478683.00","totalCashFromOperatingActivities":"-873788.00","depreciation":"622926.00","otherCashflowsFromInvestingActivities":"-33895.00","dividendsPaid":null,"changeToInventory":"-1961573.00","changeToAccountReceivables":"-90550.00","salePurchaseOfStock":"13798572.00","otherCashflowsFromFinancingActivities":"-701795.00","changeToNetincome":"1470802.00","capitalExpenditures":"5700252.00"},"yearly_last_3":{"date":"2016-01-01","filing_date":"0000-00-00","investments":"-10193.00","changeToLiabilities":"230444.00","totalCashflowsFromInvestingActivities":"-5744340.00","netBorrowings":"439981.00","totalCashFromFinancingActivities":"13096777.00","changeToOperatingActivities":"-11187.00","netIncome":"0.00","changeInCash":"6478683.00","totalCashFromOperatingActivities":"-873788.00","depreciation":"674579.00","otherCashflowsFromInvestingActivities":"-1160877.00","dividendsPaid":null,"changeToInventory":"-1961573.00","changeToAccountReceivables":"-90550.00","salePurchaseOfStock":"13096777.00","otherCashflowsFromFinancingActivities":null,"changeToNetincome":"1470802.00","capitalExpenditures":"-4573270.00"}},"Income_Statement":{"currency_symbol":"EUR","quarterly_last_0":{"date":"2019-06-30","filing_date":null,"researchDevelopment":null,"effectOfAccountingCharges":null,"incomeBeforeTax":"-1002190.00","minorityInterest":null,"netIncome":"-3077785.00","sellingGeneralAdministrative":"523540.00","grossProfit":"-137437.00","ebit":"-955080.00","operatingIncome":"-955080.00","otherOperatingExpenses":null,"interestExpense":"-44213.00","extraordinaryItems":null,"nonRecurring":null,"otherItems":null,"incomeTaxExpense":"2075595.00","totalRevenue":"1367450.00","totalOperatingExpenses":"2322530.00","costOfRevenue":"1504887.00","totalOtherIncomeExpenseNet":"-47110.00","discontinuedOperations":null,"netIncomeFromContinuingOps":"-3077785.00","netIncomeApplicableToCommonShares":"-3077785.00"},"quarterly_last_1":{"date":"2019-03-31","filing_date":null,"researchDevelopment":null,"effectOfAccountingCharges":null,"incomeBeforeTax":"-1127780.00","minorityInterest":null,"netIncome":"-806546.00","sellingGeneralAdministrative":"561800.00","grossProfit":"-104660.00","ebit":"-999543.00","operatingIncome":"-999543.00","otherOperatingExpenses":null,"interestExpense":"-44510.00","extraordinaryItems":null,"nonRecurring":null,"otherItems":null,"incomeTaxExpense":"-321234.00","totalRevenue":"1566261.00","totalOperatingExpenses":"2565804.00","costOfRevenue":"1670921.00","totalOtherIncomeExpenseNet":"-128237.00","discontinuedOperations":null,"netIncomeFromContinuingOps":"-806546.00","netIncomeApplicableToCommonShares":"-806546.00"},"quarterly_last_2":{"date":"2018-12-31","filing_date":null,"researchDevelopment":null,"effectOfAccountingCharges":null,"incomeBeforeTax":"-2587055.00","minorityInterest":null,"netIncome":"-2517676.00","sellingGeneralAdministrative":"681154.00","grossProfit":"-454581.00","ebit":"-1565374.00","operatingIncome":"-1565374.00","otherOperatingExpenses":null,"interestExpense":"-43379.00","extraordinaryItems":null,"nonRecurring":null,"otherItems":null,"incomeTaxExpense":"-69379.00","totalRevenue":"913482.00","totalOperatingExpenses":"2478856.00","costOfRevenue":"1368063.00","totalOtherIncomeExpenseNet":"-1021681.00","discontinuedOperations":null,"netIncomeFromContinuingOps":"-2517676.00","netIncomeApplicableToCommonShares":"-2517676.00"},"quarterly_last_3":{"date":"2018-09-30","filing_date":null,"researchDevelopment":null,"effectOfAccountingCharges":null,"incomeBeforeTax":"-196337.00","minorityInterest":null,"netIncome":"-136140.00","sellingGeneralAdministrative":"579153.00","grossProfit":"697123.00","ebit":"-186758.00","operatingIncome":"-186758.00","otherOperatingExpenses":null,"interestExpense":"-44840.00","extraordinaryItems":null,"nonRecurring":null,"otherItems":null,"incomeTaxExpense":"-60197.00","totalRevenue":"3992438.00","totalOperatingExpenses":"4179196.00","costOfRevenue":"3295315.00","totalOtherIncomeExpenseNet":"-9579.00","discontinuedOperations":null,"netIncomeFromContinuingOps":"-136140.00","netIncomeApplicableToCommonShares":"-136140.00"},"yearly_last_0":{"date":"2018-12-31","filing_date":null,"researchDevelopment":null,"effectOfAccountingCharges":null,"incomeBeforeTax":"-17984.00","minorityInterest":null,"netIncome":"-474680.00","sellingGeneralAdministrative":"1854921.00","grossProfit":"4613115.00","ebit":"1136057.00","operatingIncome":"1136057.00","otherOperatingExpenses":null,"interestExpense":"-161129.00","extraordinaryItems":null,"nonRecurring":null,"otherItems":null,"incomeTaxExpense":"456696.00","totalRevenue":"20065775.00","totalOperatingExpenses":"18929718.00","costOfRevenue":"15452660.00","totalOtherIncomeExpenseNet":"-1154041.00","discontinuedOperations":null,"netIncomeFromContinuingOps":"-474680.00","netIncomeApplicableToCommonShares":"-474680.00"},"yearly_last_1":{"date":"2017-12-31","filing_date":"0000-00-00","researchDevelopment":null,"effectOfAccountingCharges":null,"incomeBeforeTax":"-3926830.00","minorityInterest":null,"netIncome":"-1570830.00","sellingGeneralAdministrative":"2082558.00","grossProfit":"2906480.00","ebit":"-1833822.00","operatingIncome":"-1833822.00","otherOperatingExpenses":"622926.00","interestExpense":"-61940.00","extraordinaryItems":null,"nonRecurring":null,"otherItems":null,"incomeTaxExpense":"-2356000.00","totalRevenue":"15145766.00","totalOperatingExpenses":"16979588.00","costOfRevenue":"12239286.00","totalOtherIncomeExpenseNet":"-2093008.00","discontinuedOperations":null,"netIncomeFromContinuingOps":"-1570830.00","netIncomeApplicableToCommonShares":"-1570830.00"},"yearly_last_2":{"date":"2016-12-31","filing_date":"0000-00-00","researchDevelopment":null,"effectOfAccountingCharges":null,"incomeBeforeTax":"-2473297.00","minorityInterest":null,"netIncome":"-2473297.00","sellingGeneralAdministrative":"1564916.00","grossProfit":"-8261.00","ebit":"-1573177.00","operatingIncome":"-1573177.00","otherOperatingExpenses":"622926.00","interestExpense":"-61940.00","extraordinaryItems":null,"nonRecurring":null,"otherItems":null,"incomeTaxExpense":"0.00","totalRevenue":"0.00","totalOperatingExpenses":"1573177.00","costOfRevenue":"8261.00","totalOtherIncomeExpenseNet":"-900120.00","discontinuedOperations":null,"netIncomeFromContinuingOps":"-2473297.00","netIncomeApplicableToCommonShares":"-2473297.00"},"yearly_last_3":{"date":"2016-01-01","filing_date":"0000-00-00","researchDevelopment":null,"effectOfAccountingCharges":null,"incomeBeforeTax":"-2473297.00","minorityInterest":null,"netIncome":"0.00","sellingGeneralAdministrative":"1573177.00","grossProfit":"0.00","ebit":"0.00","operatingIncome":"-1573177.00","otherOperatingExpenses":"622926.00","interestExpense":null,"extraordinaryItems":null,"nonRecurring":null,"otherItems":null,"incomeTaxExpense":"0.00","totalRevenue":"0.00","totalOperatingExpenses":"0.00","costOfRevenue":"0.00","totalOtherIncomeExpenseNet":"-797038.00","discontinuedOperations":null,"netIncomeFromContinuingOps":"-2576379.00","netIncomeApplicableToCommonShares":"-2473297.00"}}}},"5":{"General":{"Code":"M5Z","Type":"Common Stock","Name":"Manz AG","Exchange":"F","CurrencyCode":"EUR","CurrencyName":"Euro","CurrencySymbol":"\u20ac","CountryName":"Germany","CountryISO":"DE","ISIN":null,"Sector":"Technology","Industry":"Semiconductor Equipment & Materials","Description":"Manz AG manufactures and sells high-tech equipment in Germany and internationally. The company operates through five segments: Solar; Electronics; Energy Storage; Contract Manufacturing; and Service. The Solar segment provides production solutions for thin-film solar modules and CIGS thin-film technology. The Electronics segment offers production, assembly, and handling systems for the manufacture of LCD, OLED, and AMOLED flat screen displays, touch sensors, printed circuit boards, and chip carriers, as well as smartphones, tablet computers, notebooks, wearables, and other consumer electronics. The Energy Storage segment offers production, assembly, and handling equipment for lithium-ion battery cells, modules, and packs, as well as for capacitors, which are used in the field of electronic end user equipment, stationary energy storage, and e-mobility. The Contract Manufacturing segment provides contract manufacturing services for equipment manufacturing, parts production, and assembly works. The Service segment offers after-sales services, such as maintenance and repair, as well as conversion and upgrade services for machines and assemblies. Manz AG also provides simulation and factory planning, process and prototype development, and customer training services. The company was formerly known as Manz Automation AG and changed its name to Manz AG in June 2011. Manz AG was founded in 1987 and is headquartered in Reutlingen, Germany.","FullTimeEmployees":1534,"UpdatedAt":"2019-09-24"},"Highlights":{"MarketCapitalization":141283088,"MarketCapitalizationMln":"141.2831","EBITDA":3429000,"PERatio":null,"PEGRatio":"0.0000","WallStreetTargetPrice":"44.7500","BookValue":"18.4950","DividendShare":null,"DividendYield":"0.0000","EarningsShare":"-0.8940","EPSEstimateCurrentYear":null,"EPSEstimateNextYear":null,"EPSEstimateNextQuarter":null,"MostRecentQuarter":"2019-06-30","ProfitMargin":"-0.0239","OperatingMarginTTM":"-0.0166","ReturnOnAssetsTTM":"-0.0082","ReturnOnEquityTTM":"-0.0480","RevenueTTM":"289111008.00","RevenuePerShareTTM":"37.3330","QuarterlyRevenueGrowthYOY":"-0.2670","GrossProfitTTM":"116904000.00","DilutedEpsTTM":"-0.8940","QuarterlyEarningsGrowthYOY":null},"Valuation":{"TrailingPE":null,"ForwardPE":"17.3846","PriceSalesTTM":null,"PriceBookMRQ":"0.9776","EnterpriseValueRevenue":"0.6570","EnterpriseValueEbitda":"55.3540"},"Technicals":{"Beta":"0.8891","52WeekHigh":"37.3000","52WeekLow":"15.4600","50DayMA":"17.6403","200DayMA":"22.8937","SharesShort":null,"SharesShortPriorMonth":null,"ShortRatio":null,"ShortPercent":null},"SplitsDividends":{"ForwardAnnualDividendRate":null,"ForwardAnnualDividendYield":"0.0000","PayoutRatio":"0.0000","DividendDate":"0000-00-00","ExDividendDate":"0000-00-00","LastSplitFactor":"","LastSplitDate":"0000-00-00"},"Earnings":{"Last_0":{"date":"2016-06-30","epsActual":-2.13,"epsEstimate":-1.74,"epsDifference":-0.39,"surprisePercent":-22.4},"Last_1":{"date":"2015-12-31","epsActual":-5.64,"epsEstimate":-3.01,"epsDifference":-2.63,"surprisePercent":-87.4},"Last_2":{"date":"2014-06-30","epsActual":1.36,"epsEstimate":0.82,"epsDifference":0.54,"surprisePercent":65.9},"Last_3":{"date":"0000-00-00","epsActual":0,"epsEstimate":0,"epsDifference":0,"surprisePercent":0}},"Financials":{"Balance_Sheet":{"currency_symbol":"EUR","quarterly_last_0":{"date":"2019-06-30","filing_date":null,"intangibleAssets":"5395000.00","totalLiab":"205935000.00","totalStockholderEquity":"143229000.00","deferredLongTermLiab":"20386000.00","otherCurrentLiab":"50476000.00","totalAssets":"349510000.00","commonStock":"7744000.00","otherCurrentAssets":"29599000.00","retainedEarnings":"39107000.00","otherLiab":"14677000.00","goodWill":"34309000.00","otherAssets":"26494000.00","cash":"27414000.00","totalCurrentLiabilities":"171622000.00","shortLongTermDebt":"59168000.00","otherStockholderEquity":"96378000.00","propertyPlantEquipment":"49723000.00","totalCurrentAssets":"198861000.00","longTermInvestments":"34728000.00","netTangibleAssets":"103525000.00","shortTermInvestments":null,"netReceivables":"87195000.00","longTermDebt":"1793000.00","inventory":"54653000.00","accountsPayable":"57878000.00"},"quarterly_last_1":{"date":"2019-03-31","filing_date":null,"intangibleAssets":"61748000.00","totalLiab":"233373000.00","totalStockholderEquity":"149681000.00","deferredLongTermLiab":null,"otherCurrentLiab":"71064000.00","totalAssets":"383480000.00","commonStock":"7744000.00","otherCurrentAssets":"36047000.00","retainedEarnings":"44188000.00","otherLiab":"14607000.00","goodWill":null,"otherAssets":"6172000.00","cash":"36886000.00","totalCurrentLiabilities":"199223000.00","shortLongTermDebt":"57030000.00","otherStockholderEquity":"97749000.00","propertyPlantEquipment":"51391000.00","totalCurrentAssets":"230773000.00","longTermInvestments":"33396000.00","netTangibleAssets":"87933000.00","shortTermInvestments":null,"netReceivables":"106075000.00","longTermDebt":"1178000.00","inventory":"51765000.00","accountsPayable":"67111000.00"},"quarterly_last_2":{"date":"2018-12-31","filing_date":null,"intangibleAssets":"5669000.00","totalLiab":"195743000.00","totalStockholderEquity":"149503000.00","deferredLongTermLiab":"22164000.00","otherCurrentLiab":"53365000.00","totalAssets":"345717000.00","commonStock":"7744000.00","otherCurrentAssets":"30224000.00","retainedEarnings":"44438000.00","otherLiab":"14591000.00","goodWill":"34495000.00","otherAssets":"27600000.00","cash":"51006000.00","totalCurrentLiabilities":"180014000.00","shortLongTermDebt":"42175000.00","otherStockholderEquity":"97321000.00","propertyPlantEquipment":"29160000.00","totalCurrentAssets":"217024000.00","longTermInvestments":"31769000.00","netTangibleAssets":"109339000.00","shortTermInvestments":null,"netReceivables":"86426000.00","longTermDebt":"1138000.00","inventory":"49368000.00","accountsPayable":"69683000.00"},"quarterly_last_3":{"date":"2018-09-30","filing_date":null,"intangibleAssets":"62212000.00","totalLiab":"224711000.00","totalStockholderEquity":"152395000.00","deferredLongTermLiab":null,"otherCurrentLiab":"76477000.00","totalAssets":"382262000.00","commonStock":"7744000.00","otherCurrentAssets":"15057000.00","retainedEarnings":"26251000.00","otherLiab":"14803000.00","goodWill":null,"otherAssets":"6139000.00","cash":"90122000.00","totalCurrentLiabilities":"205894000.00","shortLongTermDebt":"45235000.00","otherStockholderEquity":"118400000.00","propertyPlantEquipment":"38512000.00","totalCurrentAssets":"251824000.00","longTermInvestments":"23575000.00","netTangibleAssets":"90183000.00","shortTermInvestments":null,"netReceivables":"57112000.00","longTermDebt":"4014000.00","inventory":"89533000.00","accountsPayable":"84182000.00"},"yearly_last_0":{"date":"2018-12-31","filing_date":null,"intangibleAssets":"5669000.00","totalLiab":"195743000.00","totalStockholderEquity":"149503000.00","deferredLongTermLiab":"22164000.00","otherCurrentLiab":"53365000.00","totalAssets":"345717000.00","commonStock":"7744000.00","otherCurrentAssets":"30224000.00","retainedEarnings":"44438000.00","otherLiab":"14591000.00","goodWill":"34495000.00","otherAssets":"27600000.00","cash":"51006000.00","totalCurrentLiabilities":"180014000.00","shortLongTermDebt":"42175000.00","otherStockholderEquity":"97321000.00","propertyPlantEquipment":"29160000.00","totalCurrentAssets":"217024000.00","longTermInvestments":"31769000.00","netTangibleAssets":"109339000.00","shortTermInvestments":null,"netReceivables":"86426000.00","longTermDebt":"1138000.00","inventory":"49368000.00","accountsPayable":"69683000.00"},"yearly_last_1":{"date":"2017-12-31","filing_date":null,"intangibleAssets":"6654000.00","totalLiab":"173323000.00","totalStockholderEquity":"159142000.00","deferredLongTermLiab":"18681000.00","otherCurrentLiab":"21902000.00","totalAssets":"333203000.00","commonStock":"7744000.00","otherCurrentAssets":"22545000.00","retainedEarnings":"32330000.00","otherLiab":"13754000.00","goodWill":"33331000.00","otherAssets":"24108000.00","cash":"47845000.00","totalCurrentLiabilities":"156237000.00","shortLongTermDebt":"36137000.00","otherStockholderEquity":"119068000.00","propertyPlantEquipment":"27595000.00","totalCurrentAssets":"203739000.00","longTermInvestments":"37776000.00","netTangibleAssets":"119157000.00","shortTermInvestments":null,"netReceivables":"87661000.00","longTermDebt":"3332000.00","inventory":"45688000.00","accountsPayable":"88874000.00"},"yearly_last_2":{"date":"2016-12-31","filing_date":null,"intangibleAssets":"16141000.00","totalLiab":"147008000.00","totalStockholderEquity":"160519000.00","deferredLongTermLiab":"22327000.00","otherCurrentLiab":"23970000.00","totalAssets":"312114000.00","commonStock":"7744000.00","otherCurrentAssets":"2899000.00","retainedEarnings":"-10839000.00","otherLiab":"13034000.00","goodWill":"39328000.00","otherAssets":"26550000.00","cash":"55722000.00","totalCurrentLiabilities":"131938000.00","shortLongTermDebt":"52379000.00","otherStockholderEquity":"163614000.00","propertyPlantEquipment":"39395000.00","totalCurrentAssets":"190700000.00","longTermInvestments":null,"netTangibleAssets":"105050000.00","shortTermInvestments":null,"netReceivables":"83129000.00","longTermDebt":"2036000.00","inventory":"48950000.00","accountsPayable":"47228000.00"},"yearly_last_3":{"date":"2015-12-31","filing_date":null,"intangibleAssets":"20267000.00","totalLiab":"167280000.00","totalStockholderEquity":"120963000.00","deferredLongTermLiab":"23355000.00","otherCurrentLiab":"27693000.00","totalAssets":"292540000.00","commonStock":"5421000.00","otherCurrentAssets":"28000.00","retainedEarnings":"101119000.00","otherLiab":"12458000.00","goodWill":"37952000.00","otherAssets":"29084000.00","cash":"34372000.00","totalCurrentLiabilities":"152898000.00","shortLongTermDebt":"80999000.00","otherStockholderEquity":"14423000.00","propertyPlantEquipment":"42830000.00","totalCurrentAssets":"162407000.00","longTermInvestments":null,"netTangibleAssets":"62744000.00","shortTermInvestments":null,"netReceivables":"91371000.00","longTermDebt":"1913000.00","inventory":"36636000.00","accountsPayable":"40809000.00"}},"Cash_Flow":{"currency_symbol":"EUR","quarterly_last_0":{"date":"2019-06-30","filing_date":null,"investments":"257000.00","changeToLiabilities":"-29024000.00","totalCashflowsFromInvestingActivities":"-1310000.00","netBorrowings":"648000.00","totalCashFromFinancingActivities":"647000.00","changeToOperatingActivities":"-54000.00","netIncome":"-5081000.00","changeInCash":"-9472000.00","totalCashFromOperatingActivities":"-8801000.00","depreciation":"4644000.00","otherCashflowsFromInvestingActivities":null,"dividendsPaid":null,"changeToInventory":"21849000.00","changeToAccountReceivables":null,"salePurchaseOfStock":null,"otherCashflowsFromFinancingActivities":null,"changeToNetincome":"-1135000.00","capitalExpenditures":"1110000.00"},"quarterly_last_1":{"date":"2019-03-31","filing_date":null,"investments":"-1598000.00","changeToLiabilities":"77000.00","totalCashflowsFromInvestingActivities":"-2332000.00","netBorrowings":"15120000.00","totalCashFromFinancingActivities":"15120000.00","changeToOperatingActivities":"-354000.00","netIncome":"-250000.00","changeInCash":"-14120000.00","totalCashFromOperatingActivities":"-27163000.00","depreciation":"4490000.00","otherCashflowsFromInvestingActivities":null,"dividendsPaid":null,"changeToInventory":"-29525000.00","changeToAccountReceivables":null,"salePurchaseOfStock":null,"otherCashflowsFromFinancingActivities":null,"changeToNetincome":"-1601000.00","capitalExpenditures":"1713000.00"},"quarterly_last_2":{"date":"2018-12-31","filing_date":null,"investments":"-4333000.00","changeToLiabilities":"13360000.00","totalCashflowsFromInvestingActivities":"-6987000.00","netBorrowings":"-5108000.00","totalCashFromFinancingActivities":"-1995000.00","changeToOperatingActivities":"-438000.00","netIncome":"-2993000.00","changeInCash":"-11638000.00","totalCashFromOperatingActivities":"-2524000.00","depreciation":"-1522000.00","otherCashflowsFromInvestingActivities":null,"dividendsPaid":null,"changeToInventory":"-18393000.00","changeToAccountReceivables":null,"salePurchaseOfStock":null,"otherCashflowsFromFinancingActivities":"3117000.00","changeToNetincome":"-383000.00","capitalExpenditures":"3207000.00"},"quarterly_last_3":{"date":"2018-09-30","filing_date":null,"investments":"-4333000.00","changeToLiabilities":"1819000.00","totalCashflowsFromInvestingActivities":"-1741000.00","netBorrowings":"-3883000.00","totalCashFromFinancingActivities":"-4195000.00","changeToOperatingActivities":"462000.00","netIncome":"1401000.00","changeInCash":"44877000.00","totalCashFromOperatingActivities":"51148000.00","depreciation":"2249000.00","otherCashflowsFromInvestingActivities":null,"dividendsPaid":null,"changeToInventory":"45293000.00","changeToAccountReceivables":null,"salePurchaseOfStock":null,"otherCashflowsFromFinancingActivities":"-312000.00","changeToNetincome":"-76000.00","capitalExpenditures":"1777000.00"},"yearly_last_0":{"date":"2018-12-31","filing_date":null,"investments":"-4333000.00","changeToLiabilities":"24309000.00","totalCashflowsFromInvestingActivities":"-15158000.00","netBorrowings":"3845000.00","totalCashFromFinancingActivities":"3763000.00","changeToOperatingActivities":"139000.00","netIncome":"-7760000.00","changeInCash":"3160000.00","totalCashFromOperatingActivities":"14898000.00","depreciation":"5052000.00","otherCashflowsFromInvestingActivities":null,"dividendsPaid":null,"changeToInventory":"-12947000.00","changeToAccountReceivables":null,"salePurchaseOfStock":null,"otherCashflowsFromFinancingActivities":null,"changeToNetincome":"-1740000.00","capitalExpenditures":"11531000.00"},"yearly_last_1":{"date":"2017-12-31","filing_date":"0000-00-00","investments":"-16634000.00","changeToLiabilities":"62847000.00","totalCashflowsFromInvestingActivities":"-4244000.00","netBorrowings":"-13446000.00","totalCashFromFinancingActivities":"-13455000.00","changeToOperatingActivities":"-229000.00","netIncome":"-3150000.00","changeInCash":"-1873000.00","totalCashFromOperatingActivities":"15955000.00","depreciation":"7543000.00","otherCashflowsFromInvestingActivities":"1000.00","dividendsPaid":null,"changeToInventory":"-17700000.00","changeToAccountReceivables":null,"salePurchaseOfStock":null,"otherCashflowsFromFinancingActivities":"-16634000.00","changeToNetincome":"-35308000.00","capitalExpenditures":"12791000.00"},"yearly_last_2":{"date":"2016-12-31","filing_date":"0000-00-00","investments":"-16634000.00","changeToLiabilities":"12913000.00","totalCashflowsFromInvestingActivities":"-8996000.00","netBorrowings":"-28476000.00","totalCashFromFinancingActivities":"46343000.00","changeToOperatingActivities":"231000.00","netIncome":"-42613000.00","changeInCash":"21350000.00","totalCashFromOperatingActivities":"-16709000.00","depreciation":"10438000.00","otherCashflowsFromInvestingActivities":"1000.00","dividendsPaid":null,"changeToInventory":"-7367000.00","changeToAccountReceivables":null,"salePurchaseOfStock":"80709000.00","otherCashflowsFromFinancingActivities":"-5880000.00","changeToNetincome":"7164000.00","capitalExpenditures":"9045000.00"},"yearly_last_3":{"date":"2015-12-31","filing_date":"0000-00-00","investments":"-16634000.00","changeToLiabilities":"16109000.00","totalCashflowsFromInvestingActivities":"-22000000.00","netBorrowings":"49846000.00","totalCashFromFinancingActivities":"90417000.00","changeToOperatingActivities":"-1265000.00","netIncome":"-64202000.00","changeInCash":"11219000.00","totalCashFromOperatingActivities":"-57366000.00","depreciation":"11680000.00","otherCashflowsFromInvestingActivities":"1000.00","dividendsPaid":null,"changeToInventory":"-19622000.00","changeToAccountReceivables":null,"salePurchaseOfStock":"41889000.00","otherCashflowsFromFinancingActivities":"-1307000.00","changeToNetincome":"-1286000.00","capitalExpenditures":"18332000.00"}},"Income_Statement":{"currency_symbol":"EUR","quarterly_last_0":{"date":"2019-06-30","filing_date":null,"researchDevelopment":null,"effectOfAccountingCharges":null,"incomeBeforeTax":"-4734000.00","minorityInterest":"346000.00","netIncome":"-5081000.00","sellingGeneralAdministrative":"18257000.00","grossProfit":"22262000.00","ebit":"-5597000.00","operatingIncome":"-5597000.00","otherOperatingExpenses":"4958000.00","interestExpense":"-671000.00","extraordinaryItems":null,"nonRecurring":null,"otherItems":null,"incomeTaxExpense":"416000.00","totalRevenue":"56802000.00","totalOperatingExpenses":"62399000.00","costOfRevenue":"34540000.00","totalOtherIncomeExpenseNet":"863000.00","discontinuedOperations":null,"netIncomeFromContinuingOps":"-5150000.00","netIncomeApplicableToCommonShares":"-5081000.00"},"quarterly_last_1":{"date":"2019-03-31","filing_date":null,"researchDevelopment":null,"effectOfAccountingCharges":null,"incomeBeforeTax":"84000.00","minorityInterest":"426000.00","netIncome":"-250000.00","sellingGeneralAdministrative":"18544000.00","grossProfit":"30103000.00","ebit":"-856000.00","operatingIncome":"-856000.00","otherOperatingExpenses":"7925000.00","interestExpense":"-578000.00","extraordinaryItems":null,"nonRecurring":null,"otherItems":null,"incomeTaxExpense":"394000.00","totalRevenue":"77726000.00","totalOperatingExpenses":"78582000.00","costOfRevenue":"47623000.00","totalOtherIncomeExpenseNet":"940000.00","discontinuedOperations":null,"netIncomeFromContinuingOps":"-310000.00","netIncomeApplicableToCommonShares":"-250000.00"},"quarterly_last_2":{"date":"2018-12-31","filing_date":null,"researchDevelopment":null,"effectOfAccountingCharges":null,"incomeBeforeTax":"-909000.00","minorityInterest":"471000.00","netIncome":"-2993000.00","sellingGeneralAdministrative":"19790000.00","grossProfit":"26727000.00","ebit":"664000.00","operatingIncome":"664000.00","otherOperatingExpenses":"-50000.00","interestExpense":"-337000.00","extraordinaryItems":null,"nonRecurring":null,"otherItems":null,"incomeTaxExpense":"1994000.00","totalRevenue":"39679000.00","totalOperatingExpenses":"39015000.00","costOfRevenue":"12952000.00","totalOtherIncomeExpenseNet":"-1573000.00","discontinuedOperations":null,"netIncomeFromContinuingOps":"-2903000.00","netIncomeApplicableToCommonShares":"-2993000.00"},"quarterly_last_3":{"date":"2018-09-30","filing_date":null,"researchDevelopment":null,"effectOfAccountingCharges":null,"incomeBeforeTax":"1855000.00","minorityInterest":"5156000.00","netIncome":"1401000.00","sellingGeneralAdministrative":"18179000.00","grossProfit":"32882000.00","ebit":"2249000.00","operatingIncome":"2249000.00","otherOperatingExpenses":"10205000.00","interestExpense":"-424000.00","extraordinaryItems":null,"nonRecurring":null,"otherItems":null,"incomeTaxExpense":"455000.00","totalRevenue":"85730000.00","totalOperatingExpenses":"83481000.00","costOfRevenue":"52848000.00","totalOtherIncomeExpenseNet":"-394000.00","discontinuedOperations":null,"netIncomeFromContinuingOps":"1400000.00","netIncomeApplicableToCommonShares":"1401000.00"},"yearly_last_0":{"date":"2018-12-31","filing_date":null,"researchDevelopment":null,"effectOfAccountingCharges":null,"incomeBeforeTax":"-4905000.00","minorityInterest":"471000.00","netIncome":"-7760000.00","sellingGeneralAdministrative":"75780000.00","grossProfit":"116904000.00","ebit":"-2150000.00","operatingIncome":"-2150000.00","otherOperatingExpenses":"30377000.00","interestExpense":"-1615000.00","extraordinaryItems":null,"nonRecurring":null,"otherItems":null,"incomeTaxExpense":"3116000.00","totalRevenue":"301844000.00","totalOperatingExpenses":"303994000.00","costOfRevenue":"184940000.00","totalOtherIncomeExpenseNet":"-2755000.00","discontinuedOperations":null,"netIncomeFromContinuingOps":"-8021000.00","netIncomeApplicableToCommonShares":"-7760000.00"},"yearly_last_1":{"date":"2017-12-31","filing_date":"0000-00-00","researchDevelopment":null,"effectOfAccountingCharges":null,"incomeBeforeTax":"-1145000.00","minorityInterest":"738000.00","netIncome":"-3150000.00","sellingGeneralAdministrative":"75942000.00","grossProfit":"104565000.00","ebit":"-36522000.00","operatingIncome":"-36522000.00","otherOperatingExpenses":"55650000.00","interestExpense":"-1754000.00","extraordinaryItems":null,"nonRecurring":null,"otherItems":null,"incomeTaxExpense":"2148000.00","totalRevenue":"275570000.00","totalOperatingExpenses":"312092000.00","costOfRevenue":"171005000.00","totalOtherIncomeExpenseNet":"35377000.00","discontinuedOperations":null,"netIncomeFromContinuingOps":"-3293000.00","netIncomeApplicableToCommonShares":"-3150000.00"},"yearly_last_2":{"date":"2016-12-31","filing_date":"0000-00-00","researchDevelopment":null,"effectOfAccountingCharges":null,"incomeBeforeTax":"-39599000.00","minorityInterest":"4587000.00","netIncome":"-42613000.00","sellingGeneralAdministrative":"85958000.00","grossProfit":"100439000.00","ebit":"-32581000.00","operatingIncome":"-32581000.00","otherOperatingExpenses":"34099000.00","interestExpense":"-3716000.00","extraordinaryItems":null,"nonRecurring":null,"otherItems":null,"incomeTaxExpense":"2956000.00","totalRevenue":"238743000.00","totalOperatingExpenses":"271324000.00","costOfRevenue":"138304000.00","totalOtherIncomeExpenseNet":"-7018000.00","discontinuedOperations":null,"netIncomeFromContinuingOps":"-42555000.00","netIncomeApplicableToCommonShares":"-42613000.00"},"yearly_last_3":{"date":"2015-12-31","filing_date":"0000-00-00","researchDevelopment":null,"effectOfAccountingCharges":null,"incomeBeforeTax":"-61697000.00","minorityInterest":"4297000.00","netIncome":"-64202000.00","sellingGeneralAdministrative":"90127000.00","grossProfit":"80811000.00","ebit":"-53915000.00","operatingIncome":"-53915000.00","otherOperatingExpenses":"31699000.00","interestExpense":"-3581000.00","extraordinaryItems":null,"nonRecurring":null,"otherItems":null,"incomeTaxExpense":"2514000.00","totalRevenue":"236519000.00","totalOperatingExpenses":"290434000.00","costOfRevenue":"155708000.00","totalOtherIncomeExpenseNet":"-7782000.00","discontinuedOperations":null,"netIncomeFromContinuingOps":"-64211000.00","netIncomeApplicableToCommonShares":"-64202000.00"}}}},"6":{"General":{"Code":"PFI","Type":"Common Stock","Name":"Palfinger AG","Exchange":"F","CurrencyCode":"EUR","CurrencyName":"Euro","CurrencySymbol":"\u20ac","CountryName":"Germany","CountryISO":"DE","ISIN":null,"Sector":"Industrials","Industry":"Farm & Construction Equipment","Description":"Palfinger AG produces and sells lifting solutions worldwide. The company operates through two segments, LAND and SEA. The SEA segment offers marine cranes, offshore cranes, davits, boats, lifesaving equipment, winches and offshore equipment, wind cranes, and rope access products, as well as related services. The LAND segment provides loader cranes, timber and recycling cranes, telescopic cranes, mobile cranes, stiff boom cranes, tail lifts, access platforms, hooklifts and skiploaders, truck mounted forklifts, passenger lifts, bridge inspection units, and railway systems. The company also offers contract manufacturing services, including steel construction, cylinder production, chrome and nickel chrome plating, KTL cathotic dip coating and spray painting, and assembly and pre-assembly of subsystems or assemblies; and spare parts, training, project engineering, and customer services. It serves various industries, such as construction, cruise, infrastructure, maintenance, marine, mining, navy and coast guard, offshore, oil and gas, railway, recycling and waste management, rental, shipping, forestry and agriculture, transport and logistics, and wind energy, as well as local authorities. The company provides its products and services through a network of approximately 5,000 outlets in 130 countries; and 200 independent general importers. Palfinger AG was founded in 1932 and is headquartered in Bergheim, Austria. Palfinger AG is a subsidiary of The Palfinger Family.","FullTimeEmployees":11075,"UpdatedAt":"2019-09-24"},"Highlights":{"MarketCapitalization":918945216,"MarketCapitalizationMln":"918.9452","EBITDA":176656000,"PERatio":"14.0386","PEGRatio":"0.0000","WallStreetTargetPrice":null,"BookValue":"14.5130","DividendShare":"0.5100","DividendYield":"0.0210","EarningsShare":"1.7630","EPSEstimateCurrentYear":null,"EPSEstimateNextYear":null,"EPSEstimateNextQuarter":null,"MostRecentQuarter":"2019-06-30","ProfitMargin":"0.0388","OperatingMarginTTM":"0.0708","ReturnOnAssetsTTM":"0.0465","ReturnOnEquityTTM":"0.1462","RevenueTTM":"1707133056.00","RevenuePerShareTTM":"45.4110","QuarterlyRevenueGrowthYOY":"0.1100","GrossProfitTTM":"402423000.00","DilutedEpsTTM":"1.7630","QuarterlyEarningsGrowthYOY":"0.2940"},"Valuation":{"TrailingPE":"14.0386","ForwardPE":null,"PriceSalesTTM":null,"PriceBookMRQ":"1.7054","EnterpriseValueRevenue":"0.9060","EnterpriseValueEbitda":"8.7550"},"Technicals":{"Beta":"1.3453","52WeekHigh":"29.7000","52WeekLow":"20.5000","50DayMA":"23.0657","200DayMA":"25.5631","SharesShort":null,"SharesShortPriorMonth":null,"ShortRatio":null,"ShortPercent":null},"SplitsDividends":{"ForwardAnnualDividendRate":"0.5100","ForwardAnnualDividendYield":"0.0210","PayoutRatio":"0.2898","DividendDate":"0000-00-00","ExDividendDate":"2019-03-22","LastSplitFactor":"1\/4","LastSplitDate":"2007-06-29"},"Earnings":{"Last_0":{"date":"0000-00-00","epsActual":0,"epsEstimate":0,"epsDifference":0,"surprisePercent":0},"Last_1":{"date":"0000-00-00","epsActual":0,"epsEstimate":0,"epsDifference":0,"surprisePercent":0},"Last_2":{"date":"0000-00-00","epsActual":0,"epsEstimate":0,"epsDifference":0,"surprisePercent":0},"Last_3":{"date":"0000-00-00","epsActual":0,"epsEstimate":0,"epsDifference":0,"surprisePercent":0}},"Financials":{"Balance_Sheet":{"currency_symbol":"EUR","quarterly_last_0":{"date":"2019-06-30","filing_date":null,"intangibleAssets":"206706000.00","totalLiab":"1056534000.00","totalStockholderEquity":"545593000.00","deferredLongTermLiab":null,"otherCurrentLiab":"67757000.00","totalAssets":"1646126000.00","commonStock":"37593000.00","otherCurrentAssets":null,"retainedEarnings":"463238000.00","otherLiab":"80220000.00","goodWill":"74400000.00","otherAssets":"28791000.00","cash":"27715000.00","totalCurrentLiabilities":"481964000.00","shortLongTermDebt":"115722000.00","otherStockholderEquity":"-42082000.00","propertyPlantEquipment":"417405000.00","totalCurrentAssets":"753619000.00","longTermInvestments":"165205000.00","netTangibleAssets":"264487000.00","shortTermInvestments":"4762000.00","netReceivables":"353268000.00","longTermDebt":"444059000.00","inventory":"367874000.00","accountsPayable":"286936000.00"},"quarterly_last_1":{"date":"2019-03-31","filing_date":null,"intangibleAssets":null,"totalLiab":null,"totalStockholderEquity":"514033000.00","deferredLongTermLiab":null,"otherCurrentLiab":null,"totalAssets":null,"commonStock":null,"otherCurrentAssets":null,"retainedEarnings":null,"otherLiab":null,"goodWill":null,"otherAssets":null,"cash":null,"totalCurrentLiabilities":null,"shortLongTermDebt":null,"otherStockholderEquity":null,"propertyPlantEquipment":null,"totalCurrentAssets":null,"longTermInvestments":null,"netTangibleAssets":"310475000.00","shortTermInvestments":null,"netReceivables":null,"longTermDebt":null,"inventory":null,"accountsPayable":null},"quarterly_last_2":{"date":"2018-12-31","filing_date":null,"intangibleAssets":"58517000.00","totalLiab":"972358000.00","totalStockholderEquity":"514033000.00","deferredLongTermLiab":"73739000.00","otherCurrentLiab":"83785000.00","totalAssets":"1528084000.00","commonStock":"37593000.00","otherCurrentAssets":"40254000.00","retainedEarnings":"454826000.00","otherLiab":"74476000.00","goodWill":"145041000.00","otherAssets":"158373000.00","cash":"34684000.00","totalCurrentLiabilities":"415338000.00","shortLongTermDebt":"97840000.00","otherStockholderEquity":"-65230000.00","propertyPlantEquipment":"308611000.00","totalCurrentAssets":"716776000.00","longTermInvestments":"140766000.00","netTangibleAssets":"310475000.00","shortTermInvestments":"438000.00","netReceivables":"313960000.00","longTermDebt":"482544000.00","inventory":"327440000.00","accountsPayable":"170585000.00"},"quarterly_last_3":{"date":"2018-09-30","filing_date":null,"intangibleAssets":"374339000.00","totalLiab":"990531000.00","totalStockholderEquity":"572044000.00","deferredLongTermLiab":null,"otherCurrentLiab":"61850000.00","totalAssets":"1598608000.00","commonStock":"37593000.00","otherCurrentAssets":null,"retainedEarnings":"492378000.00","otherLiab":"78999000.00","goodWill":null,"otherAssets":"16882000.00","cash":"34257000.00","totalCurrentLiabilities":"503650000.00","shortLongTermDebt":"190714000.00","otherStockholderEquity":"-44771000.00","propertyPlantEquipment":"329056000.00","totalCurrentAssets":"686885000.00","longTermInvestments":"191446000.00","netTangibleAssets":"197705000.00","shortTermInvestments":"6019000.00","netReceivables":"317996000.00","longTermDebt":"407882000.00","inventory":"328613000.00","accountsPayable":"251086000.00"},"yearly_last_0":{"date":"2018-12-31","filing_date":null,"intangibleAssets":"58517000.00","totalLiab":"972358000.00","totalStockholderEquity":"514033000.00","deferredLongTermLiab":"73739000.00","otherCurrentLiab":"83785000.00","totalAssets":"1528084000.00","commonStock":"37593000.00","otherCurrentAssets":"40254000.00","retainedEarnings":"454826000.00","otherLiab":"74476000.00","goodWill":"145041000.00","otherAssets":"158373000.00","cash":"34684000.00","totalCurrentLiabilities":"415338000.00","shortLongTermDebt":"97840000.00","otherStockholderEquity":"-65230000.00","propertyPlantEquipment":"308611000.00","totalCurrentAssets":"716776000.00","longTermInvestments":"140766000.00","netTangibleAssets":"310475000.00","shortTermInvestments":"438000.00","netReceivables":"313960000.00","longTermDebt":"482544000.00","inventory":"327440000.00","accountsPayable":"170585000.00"},"yearly_last_1":{"date":"2017-12-31","filing_date":null,"intangibleAssets":"72548000.00","totalLiab":"966604000.00","totalStockholderEquity":"478984000.00","deferredLongTermLiab":"65654000.00","otherCurrentLiab":"92808000.00","totalAssets":"1478384000.00","commonStock":"37593000.00","otherCurrentAssets":"14290000.00","retainedEarnings":"412905000.00","otherLiab":"83116000.00","goodWill":"147590000.00","otherAssets":"161102000.00","cash":"39756000.00","totalCurrentLiabilities":"390531000.00","shortLongTermDebt":"99268000.00","otherStockholderEquity":"-58358000.00","propertyPlantEquipment":"279394000.00","totalCurrentAssets":"650407000.00","longTermInvestments":"167343000.00","netTangibleAssets":"258846000.00","shortTermInvestments":"418000.00","netReceivables":"306909000.00","longTermDebt":"492957000.00","inventory":"289034000.00","accountsPayable":"139155000.00"},"yearly_last_2":{"date":"2016-12-31","filing_date":null,"intangibleAssets":"80400000.00","totalLiab":"955927000.00","totalStockholderEquity":"554468000.00","deferredLongTermLiab":"59060000.00","otherCurrentLiab":"104252000.00","totalAssets":"1535847000.00","commonStock":"37593000.00","otherCurrentAssets":"10745000.00","retainedEarnings":"443708000.00","otherLiab":"93360000.00","goodWill":"240777000.00","otherAssets":"138603000.00","cash":"33922000.00","totalCurrentLiabilities":"430649000.00","shortLongTermDebt":"142407000.00","otherStockholderEquity":"-13677000.00","propertyPlantEquipment":"289404000.00","totalCurrentAssets":"614673000.00","longTermInvestments":"171990000.00","netTangibleAssets":"233291000.00","shortTermInvestments":null,"netReceivables":"287304000.00","longTermDebt":"431918000.00","inventory":"282702000.00","accountsPayable":"120627000.00"},"yearly_last_3":{"date":"2015-12-31","filing_date":null,"intangibleAssets":"53561000.00","totalLiab":"701706000.00","totalStockholderEquity":"491012000.00","deferredLongTermLiab":"33637000.00","otherCurrentLiab":"81500000.00","totalAssets":"1212364000.00","commonStock":"37593000.00","otherCurrentAssets":"5257000.00","retainedEarnings":"404998000.00","otherLiab":"64046000.00","goodWill":"127330000.00","otherAssets":"96289000.00","cash":"21551000.00","totalCurrentLiabilities":"306188000.00","shortLongTermDebt":"72797000.00","otherStockholderEquity":"-32177000.00","propertyPlantEquipment":"256018000.00","totalCurrentAssets":"503491000.00","longTermInvestments":"175675000.00","netTangibleAssets":"310121000.00","shortTermInvestments":null,"netReceivables":"214164000.00","longTermDebt":"321405000.00","inventory":"262519000.00","accountsPayable":"106386000.00"}},"Cash_Flow":{"currency_symbol":"EUR","quarterly_last_0":{"date":"2019-06-30","filing_date":null,"investments":null,"changeToLiabilities":"0.00","totalCashflowsFromInvestingActivities":null,"netBorrowings":null,"totalCashFromFinancingActivities":null,"changeToOperatingActivities":null,"netIncome":"22420000.00","changeInCash":null,"totalCashFromOperatingActivities":null,"depreciation":null,"otherCashflowsFromInvestingActivities":null,"dividendsPaid":null,"changeToInventory":null,"changeToAccountReceivables":null,"salePurchaseOfStock":null,"otherCashflowsFromFinancingActivities":null,"changeToNetincome":null,"capitalExpenditures":null},"quarterly_last_1":{"date":"2019-03-31","filing_date":null,"investments":null,"changeToLiabilities":"0.00","totalCashflowsFromInvestingActivities":null,"netBorrowings":null,"totalCashFromFinancingActivities":null,"changeToOperatingActivities":null,"netIncome":"21138000.00","changeInCash":null,"totalCashFromOperatingActivities":null,"depreciation":null,"otherCashflowsFromInvestingActivities":null,"dividendsPaid":null,"changeToInventory":null,"changeToAccountReceivables":null,"salePurchaseOfStock":null,"otherCashflowsFromFinancingActivities":null,"changeToNetincome":null,"capitalExpenditures":null},"quarterly_last_2":{"date":"2018-12-31","filing_date":null,"investments":"227000.00","changeToLiabilities":"0.00","totalCashflowsFromInvestingActivities":"-24553000.00","netBorrowings":"-17863000.00","totalCashFromFinancingActivities":"-18254000.00","changeToOperatingActivities":"-2436000.00","netIncome":"9654000.00","changeInCash":"427000.00","totalCashFromOperatingActivities":"43197000.00","depreciation":"4661000.00","otherCashflowsFromInvestingActivities":"2072000.00","dividendsPaid":null,"changeToInventory":null,"changeToAccountReceivables":null,"salePurchaseOfStock":null,"otherCashflowsFromFinancingActivities":"-391000.00","changeToNetincome":"22435000.00","capitalExpenditures":"28368000.00"},"quarterly_last_3":{"date":"2018-09-30","filing_date":null,"investments":"227000.00","changeToLiabilities":"0.00","totalCashflowsFromInvestingActivities":"-21788000.00","netBorrowings":"16792000.00","totalCashFromFinancingActivities":"15625000.00","changeToOperatingActivities":"-11342000.00","netIncome":"13072000.00","changeInCash":"5887000.00","totalCashFromOperatingActivities":"12512000.00","depreciation":"14231000.00","otherCashflowsFromInvestingActivities":"314000.00","dividendsPaid":null,"changeToInventory":null,"changeToAccountReceivables":null,"salePurchaseOfStock":null,"otherCashflowsFromFinancingActivities":"-1167000.00","changeToNetincome":"-3449000.00","capitalExpenditures":"23683000.00"},"yearly_last_0":{"date":"2018-12-31","filing_date":null,"investments":"215000.00","changeToLiabilities":"0.00","totalCashflowsFromInvestingActivities":"-87723000.00","netBorrowings":"-10760000.00","totalCashFromFinancingActivities":"-43081000.00","changeToOperatingActivities":"-21374000.00","netIncome":"57951000.00","changeInCash":"-5072000.00","totalCashFromOperatingActivities":"126502000.00","depreciation":"50558000.00","otherCashflowsFromInvestingActivities":"6034000.00","dividendsPaid":"-17669000.00","changeToInventory":null,"changeToAccountReceivables":null,"salePurchaseOfStock":null,"otherCashflowsFromFinancingActivities":"-14652000.00","changeToNetincome":"30484000.00","capitalExpenditures":"99304000.00"},"yearly_last_1":{"date":"2017-12-31","filing_date":"0000-00-00","investments":"-2500000.00","changeToLiabilities":"0.00","totalCashflowsFromInvestingActivities":"-58684000.00","netBorrowings":"15546000.00","totalCashFromFinancingActivities":"-24832000.00","changeToOperatingActivities":"-50315000.00","netIncome":"-11423000.00","changeInCash":"5835000.00","totalCashFromOperatingActivities":"91978000.00","depreciation":"48078000.00","otherCashflowsFromInvestingActivities":"6112000.00","dividendsPaid":"-21428000.00","changeToInventory":null,"changeToAccountReceivables":null,"salePurchaseOfStock":null,"otherCashflowsFromFinancingActivities":"-18950000.00","changeToNetincome":"97083000.00","capitalExpenditures":"82187000.00"},"yearly_last_2":{"date":"2016-12-31","filing_date":"0000-00-00","investments":"-1690000.00","changeToLiabilities":"0.00","totalCashflowsFromInvestingActivities":"-187664000.00","netBorrowings":"106644000.00","totalCashFromFinancingActivities":"89010000.00","changeToOperatingActivities":"-1733000.00","netIncome":"61173000.00","changeInCash":"12371000.00","totalCashFromOperatingActivities":"109579000.00","depreciation":"42481000.00","otherCashflowsFromInvestingActivities":"2705000.00","dividendsPaid":"-14551000.00","changeToInventory":null,"changeToAccountReceivables":null,"salePurchaseOfStock":"7640000.00","otherCashflowsFromFinancingActivities":"-10723000.00","changeToNetincome":"1455000.00","capitalExpenditures":"73668000.00"},"yearly_last_3":{"date":"2015-12-31","filing_date":"0000-00-00","investments":"-1277000.00","changeToLiabilities":"0.00","totalCashflowsFromInvestingActivities":"-64637000.00","netBorrowings":"-7251000.00","totalCashFromFinancingActivities":"-43936000.00","changeToOperatingActivities":"-11475000.00","netIncome":"64366000.00","changeInCash":"794000.00","totalCashFromOperatingActivities":"110623000.00","depreciation":"36716000.00","otherCashflowsFromInvestingActivities":"-533000.00","dividendsPaid":"-19398000.00","changeToInventory":null,"changeToAccountReceivables":null,"salePurchaseOfStock":"161000.00","otherCashflowsFromFinancingActivities":"-17448000.00","changeToNetincome":"16773000.00","capitalExpenditures":"57691000.00"}},"Income_Statement":{"currency_symbol":"EUR","quarterly_last_0":{"date":"2019-06-30","filing_date":null,"researchDevelopment":"10786000.00","effectOfAccountingCharges":null,"incomeBeforeTax":"36577000.00","minorityInterest":"43999000.00","netIncome":"22420000.00","sellingGeneralAdministrative":"69719000.00","grossProfit":"114861000.00","ebit":"34740000.00","operatingIncome":"34740000.00","otherOperatingExpenses":"-384000.00","interestExpense":"-4003000.00","extraordinaryItems":null,"nonRecurring":null,"otherItems":null,"incomeTaxExpense":"9036000.00","totalRevenue":"452454000.00","totalOperatingExpenses":"417714000.00","costOfRevenue":"337593000.00","totalOtherIncomeExpenseNet":"1837000.00","discontinuedOperations":null,"netIncomeFromContinuingOps":"27541000.00","netIncomeApplicableToCommonShares":"22420000.00"},"quarterly_last_1":{"date":"2019-03-31","filing_date":null,"researchDevelopment":"10786000.00","effectOfAccountingCharges":null,"incomeBeforeTax":"38367000.00","minorityInterest":"43999000.00","netIncome":"21138000.00","sellingGeneralAdministrative":"69719000.00","grossProfit":"61233000.00","ebit":"42703000.00","operatingIncome":"42703000.00","otherOperatingExpenses":"-384000.00","interestExpense":"-4336000.00","extraordinaryItems":null,"nonRecurring":null,"otherItems":null,"incomeTaxExpense":"17229000.00","totalRevenue":"440918000.00","totalOperatingExpenses":"398215000.00","costOfRevenue":"379685000.00","totalOtherIncomeExpenseNet":"-4336000.00","discontinuedOperations":null,"netIncomeFromContinuingOps":"21138000.00","netIncomeApplicableToCommonShares":"21138000.00"},"quarterly_last_2":{"date":"2018-12-31","filing_date":null,"researchDevelopment":"9441000.00","effectOfAccountingCharges":null,"incomeBeforeTax":"22450000.00","minorityInterest":"41693000.00","netIncome":"9654000.00","sellingGeneralAdministrative":"66895000.00","grossProfit":"98704000.00","ebit":"22153000.00","operatingIncome":"22153000.00","otherOperatingExpenses":"215000.00","interestExpense":"-4336000.00","extraordinaryItems":null,"nonRecurring":null,"otherItems":null,"incomeTaxExpense":"7393000.00","totalRevenue":"433004000.00","totalOperatingExpenses":"410851000.00","costOfRevenue":"334300000.00","totalOtherIncomeExpenseNet":"297000.00","discontinuedOperations":null,"netIncomeFromContinuingOps":"15057000.00","netIncomeApplicableToCommonShares":"9654000.00"},"quarterly_last_3":{"date":"2018-09-30","filing_date":null,"researchDevelopment":"8250000.00","effectOfAccountingCharges":null,"incomeBeforeTax":"26421000.00","minorityInterest":"36033000.00","netIncome":"13072000.00","sellingGeneralAdministrative":"58860000.00","grossProfit":"95032000.00","ebit":"28085000.00","operatingIncome":"28085000.00","otherOperatingExpenses":"-163000.00","interestExpense":"-4215000.00","extraordinaryItems":null,"nonRecurring":null,"otherItems":null,"incomeTaxExpense":"8732000.00","totalRevenue":"380757000.00","totalOperatingExpenses":"352672000.00","costOfRevenue":"285725000.00","totalOtherIncomeExpenseNet":"-1664000.00","discontinuedOperations":null,"netIncomeFromContinuingOps":"17689000.00","netIncomeApplicableToCommonShares":"13072000.00"},"yearly_last_0":{"date":"2018-12-31","filing_date":null,"researchDevelopment":"34138000.00","effectOfAccountingCharges":null,"incomeBeforeTax":"111048000.00","minorityInterest":"41693000.00","netIncome":"57951000.00","sellingGeneralAdministrative":"245349000.00","grossProfit":"402423000.00","ebit":"118779000.00","operatingIncome":"118779000.00","otherOperatingExpenses":"4157000.00","interestExpense":"-12848000.00","extraordinaryItems":null,"nonRecurring":null,"otherItems":null,"incomeTaxExpense":"34286000.00","totalRevenue":"1615628000.00","totalOperatingExpenses":"1496849000.00","costOfRevenue":"1213205000.00","totalOtherIncomeExpenseNet":"-7731000.00","discontinuedOperations":null,"netIncomeFromContinuingOps":"76762000.00","netIncomeApplicableToCommonShares":"57951000.00"},"yearly_last_1":{"date":"2017-12-31","filing_date":"0000-00-00","researchDevelopment":"29369000.00","effectOfAccountingCharges":null,"incomeBeforeTax":"6117000.00","minorityInterest":"32796000.00","netIncome":"-11423000.00","sellingGeneralAdministrative":"227487000.00","grossProfit":"357205000.00","ebit":"101051000.00","operatingIncome":"101051000.00","otherOperatingExpenses":"-702000.00","interestExpense":"-14616000.00","extraordinaryItems":null,"nonRecurring":null,"otherItems":null,"incomeTaxExpense":"4838000.00","totalRevenue":"1471075000.00","totalOperatingExpenses":"1370024000.00","costOfRevenue":"1113870000.00","totalOtherIncomeExpenseNet":"-94934000.00","discontinuedOperations":null,"netIncomeFromContinuingOps":"1279000.00","netIncomeApplicableToCommonShares":"-11423000.00"},"yearly_last_2":{"date":"2016-12-31","filing_date":"0000-00-00","researchDevelopment":"26662000.00","effectOfAccountingCharges":null,"incomeBeforeTax":"93213000.00","minorityInterest":"25452000.00","netIncome":"61173000.00","sellingGeneralAdministrative":"207085000.00","grossProfit":"332402000.00","ebit":"98417000.00","operatingIncome":"98417000.00","otherOperatingExpenses":"238000.00","interestExpense":"-14011000.00","extraordinaryItems":null,"nonRecurring":null,"otherItems":null,"incomeTaxExpense":"23931000.00","totalRevenue":"1357012000.00","totalOperatingExpenses":"1258595000.00","costOfRevenue":"1024610000.00","totalOtherIncomeExpenseNet":"-5204000.00","discontinuedOperations":null,"netIncomeFromContinuingOps":"69282000.00","netIncomeApplicableToCommonShares":"61173000.00"},"yearly_last_3":{"date":"2015-12-31","filing_date":"0000-00-00","researchDevelopment":"24221000.00","effectOfAccountingCharges":null,"incomeBeforeTax":"92974000.00","minorityInterest":"19646000.00","netIncome":"64366000.00","sellingGeneralAdministrative":"179105000.00","grossProfit":"297998000.00","ebit":"95611000.00","operatingIncome":"95611000.00","otherOperatingExpenses":"-939000.00","interestExpense":"-12435000.00","extraordinaryItems":null,"nonRecurring":null,"otherItems":null,"incomeTaxExpense":"21393000.00","totalRevenue":"1229892000.00","totalOperatingExpenses":"1134281000.00","costOfRevenue":"931894000.00","totalOtherIncomeExpenseNet":"-2637000.00","discontinuedOperations":null,"netIncomeFromContinuingOps":"71581000.00","netIncomeApplicableToCommonShares":"64366000.00"}}}},"7":{"General":{"Code":"BTL","Type":"Common Stock","Name":"Baxter International Inc","Exchange":"F","CurrencyCode":"EUR","CurrencyName":"Euro","CurrencySymbol":"\u20ac","CountryName":"Germany","CountryISO":"DE","ISIN":null,"Sector":"Healthcare","Industry":"Medical Instruments & Supplies","Description":"Baxter International Inc., through its subsidiaries, develops and provides a portfolio of healthcare products. The company operates through North and South America; Europe, Middle East and Africa; and Asia-Pacific segments. The company offers peritoneal dialysis and hemodialysis, and additional dialysis therapies and services; renal replacement therapies and other organ support therapies focused in the intensive care unit; sterile intravenous (IV) solutions, IV therapies, infusion pumps, administration sets, and drug reconstitution devices; and parenteral nutrition therapies. It also provides biological products and medical devices, and surgical hemostat and sealant products used in surgical procedures for hemostasis, tissue sealing, and adhesion prevention; premixed and oncology drug platforms, inhaled anesthesia and critical care products, and pharmacy compounding services; and generic injectable pharmaceuticals. Its products are used in hospitals, kidney dialysis centers, nursing homes, rehabilitation centers, doctors' offices, and by patients at home under physician supervision. The company sells its products through direct sales force, as well as through independent distributors, drug wholesalers, and specialty pharmacy or other alternate site providers in approximately 100 countries. It has an agreement with Celerity Pharmaceutical, LLC to develop acute care generic injectable premix and oncolytic molecules. Baxter International Inc. was founded in 1931 and is headquartered in Deerfield, Illinois.","FullTimeEmployees":50000,"UpdatedAt":"2019-09-24"},"Highlights":{"MarketCapitalization":40464252928,"MarketCapitalizationMln":"40464.2529","EBITDA":2617999872,"PERatio":"26.3153","PEGRatio":"0.0000","WallStreetTargetPrice":null,"BookValue":"15.3110","DividendShare":"0.8000","DividendYield":"0.0102","EarningsShare":"2.9880","EPSEstimateCurrentYear":null,"EPSEstimateNextYear":null,"EPSEstimateNextQuarter":null,"MostRecentQuarter":"2019-06-30","ProfitMargin":"0.1428","OperatingMarginTTM":"0.1659","ReturnOnAssetsTTM":"0.0673","ReturnOnEquityTTM":"0.1901","RevenueTTM":"11079999488.00","RevenuePerShareTTM":"21.2670","QuarterlyRevenueGrowthYOY":"-0.0010","GrossProfitTTM":"4827000000.00","DilutedEpsTTM":"2.9880","QuarterlyEarningsGrowthYOY":"0.0480"},"Valuation":{"TrailingPE":"26.3153","ForwardPE":null,"PriceSalesTTM":null,"PriceBookMRQ":"5.1355","EnterpriseValueRevenue":"3.8840","EnterpriseValueEbitda":"16.4360"},"Technicals":{"Beta":"0.7234","52WeekHigh":"80.9800","52WeekLow":"54.0800","50DayMA":"77.8531","200DayMA":"71.8265","SharesShort":null,"SharesShortPriorMonth":null,"ShortRatio":null,"ShortPercent":null},"SplitsDividends":{"ForwardAnnualDividendRate":"0.8000","ForwardAnnualDividendYield":"0.0102","PayoutRatio":"0.2642","DividendDate":"0000-00-00","ExDividendDate":"2019-08-29","LastSplitFactor":"","LastSplitDate":"0000-00-00"},"Earnings":{"Last_0":{"date":"0000-00-00","epsActual":0,"epsEstimate":0,"epsDifference":0,"surprisePercent":0},"Last_1":{"date":"0000-00-00","epsActual":0,"epsEstimate":0,"epsDifference":0,"surprisePercent":0},"Last_2":{"date":"0000-00-00","epsActual":0,"epsEstimate":0,"epsDifference":0,"surprisePercent":0},"Last_3":{"date":"0000-00-00","epsActual":0,"epsEstimate":0,"epsDifference":0,"surprisePercent":0}},"Financials":{"Balance_Sheet":{"currency_symbol":"USD","quarterly_last_0":{"date":"2019-06-30","filing_date":null,"intangibleAssets":"1364000000.00","totalLiab":"9708000000.00","totalStockholderEquity":"7812000000.00","deferredLongTermLiab":null,"otherCurrentLiab":"1000000.00","totalAssets":"17544000000.00","commonStock":"683000000.00","otherCurrentAssets":"20000000.00","retainedEarnings":"16184000000.00","otherLiab":"1427000000.00","goodWill":"2938000000.00","otherAssets":"856000000.00","cash":"2925000000.00","totalCurrentLiabilities":"2597000000.00","shortLongTermDebt":"1000000.00","otherStockholderEquity":"-4639000000.00","propertyPlantEquipment":"5129000000.00","totalCurrentAssets":"7218000000.00","longTermInvestments":"39000000.00","netTangibleAssets":"3510000000.00","shortTermInvestments":null,"netReceivables":"1885000000.00","longTermDebt":"5136000000.00","inventory":"1757000000.00","accountsPayable":"2494000000.00"},"quarterly_last_1":{"date":"2019-03-31","filing_date":null,"intangibleAssets":"1441000000.00","totalLiab":"8681000000.00","totalStockholderEquity":"7646000000.00","deferredLongTermLiab":null,"otherCurrentLiab":null,"totalAssets":"16350000000.00","commonStock":"683000000.00","otherCurrentAssets":"14000000.00","retainedEarnings":"15970000000.00","otherLiab":"1469000000.00","goodWill":"2930000000.00","otherAssets":"797000000.00","cash":"1908000000.00","totalCurrentLiabilities":"3327000000.00","shortLongTermDebt":"1000000.00","otherStockholderEquity":"-4562000000.00","propertyPlantEquipment":"5056000000.00","totalCurrentAssets":"6087000000.00","longTermInvestments":"39000000.00","netTangibleAssets":"3275000000.00","shortTermInvestments":null,"netReceivables":"1802000000.00","longTermDebt":"3408000000.00","inventory":"1751000000.00","accountsPayable":"2432000000.00"},"quarterly_last_2":{"date":"2018-12-31","filing_date":null,"intangibleAssets":"1398000000.00","totalLiab":"7825000000.00","totalStockholderEquity":"7794000000.00","deferredLongTermLiab":null,"otherCurrentLiab":"1020000000.00","totalAssets":"15641000000.00","commonStock":"683000000.00","otherCurrentAssets":"622000000.00","retainedEarnings":"15626000000.00","otherLiab":"1516000000.00","goodWill":"2958000000.00","otherAssets":"783000000.00","cash":"1832000000.00","totalCurrentLiabilities":"2836000000.00","shortLongTermDebt":"2000000.00","otherStockholderEquity":"-4424000000.00","propertyPlantEquipment":"4542000000.00","totalCurrentAssets":"5919000000.00","longTermInvestments":"41000000.00","netTangibleAssets":"3438000000.00","shortTermInvestments":null,"netReceivables":"1812000000.00","longTermDebt":"3473000000.00","inventory":"1653000000.00","accountsPayable":"1004000000.00"},"quarterly_last_3":{"date":"2018-09-30","filing_date":null,"intangibleAssets":"1402000000.00","totalLiab":"7734000000.00","totalStockholderEquity":"9130000000.00","deferredLongTermLiab":null,"otherCurrentLiab":"111000000.00","totalAssets":"16847000000.00","commonStock":"683000000.00","otherCurrentAssets":"17000000.00","retainedEarnings":"15394000000.00","otherLiab":"1545000000.00","goodWill":"2980000000.00","otherAssets":"878000000.00","cash":"2860000000.00","totalCurrentLiabilities":"2704000000.00","shortLongTermDebt":"3000000.00","otherStockholderEquity":"-4239000000.00","propertyPlantEquipment":"4520000000.00","totalCurrentAssets":"7028000000.00","longTermInvestments":"39000000.00","netTangibleAssets":"4748000000.00","shortTermInvestments":null,"netReceivables":"1826000000.00","longTermDebt":"3485000000.00","inventory":"1718000000.00","accountsPayable":"2590000000.00"},"yearly_last_0":{"date":"2018-12-31","filing_date":null,"intangibleAssets":"1398000000.00","totalLiab":"7825000000.00","totalStockholderEquity":"7794000000.00","deferredLongTermLiab":null,"otherCurrentLiab":"1020000000.00","totalAssets":"15641000000.00","commonStock":"683000000.00","otherCurrentAssets":"622000000.00","retainedEarnings":"15626000000.00","otherLiab":"1516000000.00","goodWill":"2958000000.00","otherAssets":"783000000.00","cash":"1832000000.00","totalCurrentLiabilities":"2836000000.00","shortLongTermDebt":"2000000.00","otherStockholderEquity":"-4424000000.00","propertyPlantEquipment":"4542000000.00","totalCurrentAssets":"5919000000.00","longTermInvestments":"41000000.00","netTangibleAssets":"3438000000.00","shortTermInvestments":null,"netReceivables":"1812000000.00","longTermDebt":"3473000000.00","inventory":"1653000000.00","accountsPayable":"1004000000.00"},"yearly_last_1":{"date":"2017-12-31","filing_date":null,"intangibleAssets":"1374000000.00","totalLiab":"7995000000.00","totalStockholderEquity":"9124000000.00","deferredLongTermLiab":null,"otherCurrentLiab":"989000000.00","totalAssets":"17111000000.00","commonStock":"683000000.00","otherCurrentAssets":"601000000.00","retainedEarnings":"14483000000.00","otherLiab":"1665000000.00","goodWill":"3099000000.00","otherAssets":"740000000.00","cash":"3394000000.00","totalCurrentLiabilities":"2821000000.00","shortLongTermDebt":"3000000.00","otherStockholderEquity":"-4001000000.00","propertyPlantEquipment":"4588000000.00","totalCurrentAssets":"7263000000.00","longTermInvestments":"47000000.00","netTangibleAssets":"4651000000.00","shortTermInvestments":null,"netReceivables":"1793000000.00","longTermDebt":"3509000000.00","inventory":"1475000000.00","accountsPayable":"920000000.00"},"yearly_last_2":{"date":"2016-12-31","filing_date":null,"intangibleAssets":"1111000000.00","totalLiab":"7266000000.00","totalStockholderEquity":"8290000000.00","deferredLongTermLiab":null,"otherCurrentLiab":"1059000000.00","totalAssets":"15546000000.00","commonStock":"683000000.00","otherCurrentAssets":"652000000.00","retainedEarnings":"14200000000.00","otherLiab":"1743000000.00","goodWill":"2595000000.00","otherAssets":"970000000.00","cash":"2801000000.00","totalCurrentLiabilities":"2744000000.00","shortLongTermDebt":"3000000.00","otherStockholderEquity":"-4556000000.00","propertyPlantEquipment":"4289000000.00","totalCurrentAssets":"6574000000.00","longTermInvestments":"7000000.00","netTangibleAssets":"4584000000.00","shortTermInvestments":null,"netReceivables":"1691000000.00","longTermDebt":"2779000000.00","inventory":"1430000000.00","accountsPayable":"791000000.00"},"yearly_last_3":{"date":"2015-12-31","filing_date":null,"intangibleAssets":"1349000000.00","totalLiab":"12097000000.00","totalStockholderEquity":"8846000000.00","deferredLongTermLiab":null,"otherCurrentLiab":"1610000000.00","totalAssets":"20962000000.00","commonStock":"683000000.00","otherCurrentAssets":"1100000000.00","retainedEarnings":"9683000000.00","otherLiab":"2425000000.00","goodWill":"2687000000.00","otherAssets":"698000000.00","cash":"2213000000.00","totalCurrentLiabilities":"5750000000.00","shortLongTermDebt":"810000000.00","otherStockholderEquity":"224000000.00","propertyPlantEquipment":"4386000000.00","totalCurrentAssets":"11796000000.00","longTermInvestments":"46000000.00","netTangibleAssets":"4810000000.00","shortTermInvestments":"5148000000.00","netReceivables":"1731000000.00","longTermDebt":"3922000000.00","inventory":"1604000000.00","accountsPayable":"716000000.00"}},"Cash_Flow":{"currency_symbol":"USD","quarterly_last_0":{"date":"2019-06-30","filing_date":null,"investments":null,"changeToLiabilities":"2000000.00","totalCashflowsFromInvestingActivities":"-156000000.00","netBorrowings":"866000000.00","totalCashFromFinancingActivities":"730000000.00","changeToOperatingActivities":"-58000000.00","netIncome":"343000000.00","changeInCash":"1017000000.00","totalCashFromOperatingActivities":"469000000.00","depreciation":"197000000.00","otherCashflowsFromInvestingActivities":null,"dividendsPaid":"-97000000.00","changeToInventory":"-9000000.00","changeToAccountReceivables":"-92000000.00","salePurchaseOfStock":null,"otherCashflowsFromFinancingActivities":"-5000000.00","changeToNetincome":"86000000.00","capitalExpenditures":"154000000.00"},"quarterly_last_1":{"date":"2019-03-31","filing_date":null,"investments":null,"changeToLiabilities":"-310000000.00","totalCashflowsFromInvestingActivities":"-306000000.00","netBorrowings":"795000000.00","totalCashFromFinancingActivities":"238000000.00","changeToOperatingActivities":"-87000000.00","netIncome":"347000000.00","changeInCash":"76000000.00","totalCashFromOperatingActivities":"142000000.00","depreciation":"192000000.00","otherCashflowsFromInvestingActivities":"1000000.00","dividendsPaid":"-101000000.00","changeToInventory":"-82000000.00","changeToAccountReceivables":"32000000.00","salePurchaseOfStock":null,"otherCashflowsFromFinancingActivities":"-32000000.00","changeToNetincome":"50000000.00","capitalExpenditures":"198000000.00"},"quarterly_last_2":{"date":"2018-12-31","filing_date":null,"investments":null,"changeToLiabilities":"0.00","totalCashflowsFromInvestingActivities":"-306000000.00","netBorrowings":"795000000.00","totalCashFromFinancingActivities":"238000000.00","changeToOperatingActivities":"-87000000.00","netIncome":"348000000.00","changeInCash":"76000000.00","totalCashFromOperatingActivities":"142000000.00","depreciation":"192000000.00","otherCashflowsFromInvestingActivities":"1000000.00","dividendsPaid":"-101000000.00","changeToInventory":"-82000000.00","changeToAccountReceivables":"32000000.00","salePurchaseOfStock":null,"otherCashflowsFromFinancingActivities":"-32000000.00","changeToNetincome":"50000000.00","capitalExpenditures":"198000000.00"},"quarterly_last_3":{"date":"2018-09-30","filing_date":null,"investments":null,"changeToLiabilities":"58000000.00","totalCashflowsFromInvestingActivities":"-176000000.00","netBorrowings":"-1000000.00","totalCashFromFinancingActivities":"-287000000.00","changeToOperatingActivities":"-37000000.00","netIncome":"544000000.00","changeInCash":"3000000.00","totalCashFromOperatingActivities":"489000000.00","depreciation":"204000000.00","otherCashflowsFromInvestingActivities":"1000000.00","dividendsPaid":"-101000000.00","changeToInventory":"-102000000.00","changeToAccountReceivables":"-59000000.00","salePurchaseOfStock":null,"otherCashflowsFromFinancingActivities":"-32000000.00","changeToNetincome":"-119000000.00","capitalExpenditures":"157000000.00"},"yearly_last_0":{"date":"2018-12-31","filing_date":null,"investments":null,"changeToLiabilities":"53000000.00","totalCashflowsFromInvestingActivities":"-938000000.00","netBorrowings":"-5000000.00","totalCashFromFinancingActivities":"-2603000000.00","changeToOperatingActivities":"-204000000.00","netIncome":"1624000000.00","changeInCash":"-1562000000.00","totalCashFromOperatingActivities":"2096000000.00","depreciation":"776000000.00","otherCashflowsFromInvestingActivities":null,"dividendsPaid":"-376000000.00","changeToInventory":"-197000000.00","changeToAccountReceivables":"-12000000.00","salePurchaseOfStock":null,"otherCashflowsFromFinancingActivities":"-28000000.00","changeToNetincome":"56000000.00","capitalExpenditures":"681000000.00"},"yearly_last_1":{"date":"2017-12-31","filing_date":"0000-00-00","investments":null,"changeToLiabilities":"84000000.00","totalCashflowsFromInvestingActivities":"-1310000000.00","netBorrowings":"632000000.00","totalCashFromFinancingActivities":"61000000.00","changeToOperatingActivities":"-372000000.00","netIncome":"717000000.00","changeInCash":"593000000.00","totalCashFromOperatingActivities":"1837000000.00","depreciation":"743000000.00","otherCashflowsFromInvestingActivities":"-676000000.00","dividendsPaid":"-315000000.00","changeToInventory":"76000000.00","changeToAccountReceivables":"30000000.00","salePurchaseOfStock":"347000000.00","otherCashflowsFromFinancingActivities":"-39000000.00","changeToNetincome":"559000000.00","capitalExpenditures":"634000000.00"},"yearly_last_2":{"date":"2016-12-31","filing_date":"0000-00-00","investments":null,"changeToLiabilities":"-197000000.00","totalCashflowsFromInvestingActivities":"-715000000.00","netBorrowings":"-40000000.00","totalCashFromFinancingActivities":"-324000000.00","changeToOperatingActivities":"-74000000.00","netIncome":"4965000000.00","changeInCash":"588000000.00","totalCashFromOperatingActivities":"1654000000.00","depreciation":"752000000.00","otherCashflowsFromInvestingActivities":"15000000.00","dividendsPaid":"-268000000.00","changeToInventory":"80000000.00","changeToAccountReceivables":"15000000.00","salePurchaseOfStock":"286000000.00","otherCashflowsFromFinancingActivities":"-10000000.00","changeToNetincome":"-3887000000.00","capitalExpenditures":"719000000.00"},"yearly_last_3":{"date":"2015-12-31","filing_date":"0000-00-00","investments":null,"changeToLiabilities":"236000000.00","totalCashflowsFromInvestingActivities":"-1807000000.00","netBorrowings":"2507000000.00","totalCashFromFinancingActivities":"-481000000.00","changeToOperatingActivities":"-453000000.00","netIncome":"968000000.00","changeInCash":"-712000000.00","totalCashFromOperatingActivities":"1771000000.00","depreciation":"759000000.00","otherCashflowsFromInvestingActivities":"-946000000.00","dividendsPaid":"-910000000.00","changeToInventory":"-118000000.00","changeToAccountReceivables":"-4000000.00","salePurchaseOfStock":"193000000.00","otherCashflowsFromFinancingActivities":"-2271000000.00","changeToNetincome":"383000000.00","capitalExpenditures":"911000000.00"}},"Income_Statement":{"currency_symbol":"USD","quarterly_last_0":{"date":"2019-06-30","filing_date":null,"researchDevelopment":"141000000.00","effectOfAccountingCharges":null,"incomeBeforeTax":"363000000.00","minorityInterest":"24000000.00","netIncome":"343000000.00","sellingGeneralAdministrative":"595000000.00","grossProfit":"1218000000.00","ebit":"482000000.00","operatingIncome":"482000000.00","otherOperatingExpenses":null,"interestExpense":"-28000000.00","extraordinaryItems":null,"nonRecurring":null,"otherItems":null,"incomeTaxExpense":"20000000.00","totalRevenue":"2840000000.00","totalOperatingExpenses":"2358000000.00","costOfRevenue":"1622000000.00","totalOtherIncomeExpenseNet":"-119000000.00","discontinuedOperations":null,"netIncomeFromContinuingOps":"343000000.00","netIncomeApplicableToCommonShares":"343000000.00"},"quarterly_last_1":{"date":"2019-03-31","filing_date":null,"researchDevelopment":"114000000.00","effectOfAccountingCharges":null,"incomeBeforeTax":"391000000.00","minorityInterest":"23000000.00","netIncome":"347000000.00","sellingGeneralAdministrative":"571000000.00","grossProfit":"1108000000.00","ebit":"423000000.00","operatingIncome":"423000000.00","otherOperatingExpenses":null,"interestExpense":"-25000000.00","extraordinaryItems":null,"nonRecurring":null,"otherItems":null,"incomeTaxExpense":"44000000.00","totalRevenue":"2632000000.00","totalOperatingExpenses":"2209000000.00","costOfRevenue":"1524000000.00","totalOtherIncomeExpenseNet":"-32000000.00","discontinuedOperations":null,"netIncomeFromContinuingOps":"347000000.00","netIncomeApplicableToCommonShares":"347000000.00"},"quarterly_last_2":{"date":"2018-12-31","filing_date":null,"researchDevelopment":"165000000.00","effectOfAccountingCharges":null,"incomeBeforeTax":"445000000.00","minorityInterest":"22000000.00","netIncome":"348000000.00","sellingGeneralAdministrative":"597000000.00","grossProfit":"1225000000.00","ebit":"463000000.00","operatingIncome":"463000000.00","otherOperatingExpenses":null,"interestExpense":"-11000000.00","extraordinaryItems":null,"nonRecurring":null,"otherItems":null,"incomeTaxExpense":"91000000.00","totalRevenue":"2841000000.00","totalOperatingExpenses":"2378000000.00","costOfRevenue":"1616000000.00","totalOtherIncomeExpenseNet":"-18000000.00","discontinuedOperations":"-6000000.00","netIncomeFromContinuingOps":"354000000.00","netIncomeApplicableToCommonShares":"348000000.00"},"quarterly_last_3":{"date":"2018-09-30","filing_date":null,"researchDevelopment":"153000000.00","effectOfAccountingCharges":null,"incomeBeforeTax":"406000000.00","minorityInterest":"-17000000.00","netIncome":"544000000.00","sellingGeneralAdministrative":"609000000.00","grossProfit":"1238000000.00","ebit":"476000000.00","operatingIncome":"476000000.00","otherOperatingExpenses":null,"interestExpense":"-24000000.00","extraordinaryItems":null,"nonRecurring":null,"otherItems":null,"incomeTaxExpense":"-138000000.00","totalRevenue":"2767000000.00","totalOperatingExpenses":"2291000000.00","costOfRevenue":"1529000000.00","totalOtherIncomeExpenseNet":"-70000000.00","discontinuedOperations":"-6000000.00","netIncomeFromContinuingOps":"544000000.00","netIncomeApplicableToCommonShares":"544000000.00"},"yearly_last_0":{"date":"2018-12-31","filing_date":null,"researchDevelopment":"619000000.00","effectOfAccountingCharges":null,"incomeBeforeTax":"1693000000.00","minorityInterest":"22000000.00","netIncome":"1624000000.00","sellingGeneralAdministrative":"2399000000.00","grossProfit":"4827000000.00","ebit":"1809000000.00","operatingIncome":"1809000000.00","otherOperatingExpenses":"-90000000.00","interestExpense":"-93000000.00","extraordinaryItems":null,"nonRecurring":null,"otherItems":null,"incomeTaxExpense":"63000000.00","totalRevenue":"11127000000.00","totalOperatingExpenses":"9318000000.00","costOfRevenue":"6300000000.00","totalOtherIncomeExpenseNet":"-116000000.00","discontinuedOperations":"-6000000.00","netIncomeFromContinuingOps":"1630000000.00","netIncomeApplicableToCommonShares":"1624000000.00"},"yearly_last_1":{"date":"2017-12-31","filing_date":"0000-00-00","researchDevelopment":"613000000.00","effectOfAccountingCharges":null,"incomeBeforeTax":"1217000000.00","minorityInterest":"-8000000.00","netIncome":"717000000.00","sellingGeneralAdministrative":"2457000000.00","grossProfit":"4581000000.00","ebit":"1511000000.00","operatingIncome":"1511000000.00","otherOperatingExpenses":"-90000000.00","interestExpense":"-85000000.00","extraordinaryItems":null,"nonRecurring":null,"otherItems":null,"incomeTaxExpense":"493000000.00","totalRevenue":"10561000000.00","totalOperatingExpenses":"9050000000.00","costOfRevenue":"5980000000.00","totalOtherIncomeExpenseNet":"-294000000.00","discontinuedOperations":"-7000000.00","netIncomeFromContinuingOps":"724000000.00","netIncomeApplicableToCommonShares":"717000000.00"},"yearly_last_2":{"date":"2016-12-31","filing_date":"0000-00-00","researchDevelopment":"566000000.00","effectOfAccountingCharges":null,"incomeBeforeTax":"4954000000.00","minorityInterest":"-10000000.00","netIncome":"4965000000.00","sellingGeneralAdministrative":"2520000000.00","grossProfit":"4306000000.00","ebit":"1220000000.00","operatingIncome":"1220000000.00","otherOperatingExpenses":"-90000000.00","interestExpense":"-89000000.00","extraordinaryItems":null,"nonRecurring":null,"otherItems":null,"incomeTaxExpense":"-12000000.00","totalRevenue":"10163000000.00","totalOperatingExpenses":"8943000000.00","costOfRevenue":"5857000000.00","totalOtherIncomeExpenseNet":"3734000000.00","discontinuedOperations":"-1000000.00","netIncomeFromContinuingOps":"4966000000.00","netIncomeApplicableToCommonShares":"4965000000.00"},"yearly_last_3":{"date":"2015-12-31","filing_date":"0000-00-00","researchDevelopment":"589000000.00","effectOfAccountingCharges":null,"incomeBeforeTax":"428000000.00","minorityInterest":"19000000.00","netIncome":"968000000.00","sellingGeneralAdministrative":"2832000000.00","grossProfit":"4156000000.00","ebit":"735000000.00","operatingIncome":"735000000.00","otherOperatingExpenses":"-90000000.00","interestExpense":"-146000000.00","extraordinaryItems":null,"nonRecurring":null,"otherItems":null,"incomeTaxExpense":"35000000.00","totalRevenue":"9968000000.00","totalOperatingExpenses":"9233000000.00","costOfRevenue":"5812000000.00","totalOtherIncomeExpenseNet":"-307000000.00","discontinuedOperations":"575000000.00","netIncomeFromContinuingOps":"393000000.00","netIncomeApplicableToCommonShares":"968000000.00"}}}},"8":{"General":{"Code":"KW9A","Type":"Common Stock","Name":"Galaxy Entertainment Group Limited","Exchange":"F","CurrencyCode":"EUR","CurrencyName":"Euro","CurrencySymbol":"\u20ac","CountryName":"Germany","CountryISO":"DE","ISIN":null,"Sector":"Consumer Cyclical","Industry":"Resorts & Casinos","Description":"Galaxy Entertainment Group Limited, an investment holding company, engages gaming and entertainment, and construction materials businesses in Macau, Hong Kong, and Mainland China. The company operates casino games of chance or games of other forms; and provides hospitality and related services. It owns and operates Galaxy Macau, an integrated resort; Broadway Macau, a landmark entertainment and food street destination situated; and StarWorld Macau, a 5-star hotel located in the Macau Peninsula, as well as City Club casinos. The company also manufactures, sells, and distributes construction materials, including concrete pipes and piles, asphalt, ready-mixed concrete, concrete products, slag, and cement; provides property investment, equipment leasing, quality assurance, project management, and security services; and imports, exports, trades in, and transports construction materials. In addition, it is involved in quarrying, aircraft holding and operating, and vessel holding activities. Galaxy Entertainment Group Limited is based in Central, Hong Kong.","FullTimeEmployees":21000,"UpdatedAt":"2019-09-24"},"Highlights":{"MarketCapitalization":24861675520,"MarketCapitalizationMln":"24861.6755","EBITDA":null,"PERatio":"14.6736","PEGRatio":"0.0000","WallStreetTargetPrice":null,"BookValue":"1.7970","DividendShare":null,"DividendYield":"0.0000","EarningsShare":"0.3860","EPSEstimateCurrentYear":null,"EPSEstimateNextYear":null,"EPSEstimateNextQuarter":null,"MostRecentQuarter":"2019-06-30","ProfitMargin":"0.2432","OperatingMarginTTM":"0.0000","ReturnOnAssetsTTM":"0.0825","ReturnOnEquityTTM":"0.1998","RevenueTTM":null,"RevenuePerShareTTM":null,"QuarterlyRevenueGrowthYOY":"-0.0660","GrossProfitTTM":"46226950000.00","DilutedEpsTTM":"0.3860","QuarterlyEarningsGrowthYOY":"-0.0740"},"Valuation":{"TrailingPE":"14.6736","ForwardPE":null,"PriceSalesTTM":null,"PriceBookMRQ":"3.1519","EnterpriseValueRevenue":null,"EnterpriseValueEbitda":null},"Technicals":{"Beta":"1.0956","52WeekHigh":"6.8800","52WeekLow":"4.4700","50DayMA":"5.6353","200DayMA":"5.9230","SharesShort":null,"SharesShortPriorMonth":null,"ShortRatio":null,"ShortPercent":null},"SplitsDividends":{"ForwardAnnualDividendRate":null,"ForwardAnnualDividendYield":"0.0000","PayoutRatio":"0.0000","DividendDate":"0000-00-00","ExDividendDate":"2019-09-24","LastSplitFactor":"","LastSplitDate":"0000-00-00"},"Earnings":{"Last_0":{"date":"0000-00-00","epsActual":0,"epsEstimate":0,"epsDifference":0,"surprisePercent":0},"Last_1":{"date":"0000-00-00","epsActual":0,"epsEstimate":0,"epsDifference":0,"surprisePercent":0},"Last_2":{"date":"0000-00-00","epsActual":0,"epsEstimate":0,"epsDifference":0,"surprisePercent":0},"Last_3":{"date":"0000-00-00","epsActual":0,"epsEstimate":0,"epsDifference":0,"surprisePercent":0}},"Financials":{"Balance_Sheet":{"currency_symbol":"HKD","quarterly_last_0":{"date":"2019-06-30","filing_date":null,"intangibleAssets":"639835000.00","totalLiab":"23352570000.00","totalStockholderEquity":"68478568000.00","deferredLongTermLiab":null,"otherCurrentLiab":"9291570000.00","totalAssets":"92401985000.00","commonStock":"22303489000.00","otherCurrentAssets":null,"retainedEarnings":null,"otherLiab":"593340000.00","goodWill":null,"otherAssets":"181281000.00","cash":"11211531000.00","totalCurrentLiabilities":"22434592000.00","shortLongTermDebt":"18189000.00","otherStockholderEquity":"46175079000.00","propertyPlantEquipment":"36455962000.00","totalCurrentAssets":"16468604000.00","longTermInvestments":"38656303000.00","netTangibleAssets":"67838733000.00","shortTermInvestments":"2901110000.00","netReceivables":"1966362000.00","longTermDebt":"18189000.00","inventory":"180617000.00","accountsPayable":"4251180000.00"},"quarterly_last_1":{"date":"2019-03-31","filing_date":null,"intangibleAssets":"639835000.00","totalLiab":"23352570000.00","totalStockholderEquity":"68478568000.00","deferredLongTermLiab":null,"otherCurrentLiab":"9291570000.00","totalAssets":"92401985000.00","commonStock":"22303489000.00","otherCurrentAssets":null,"retainedEarnings":null,"otherLiab":"593340000.00","goodWill":null,"otherAssets":"181281000.00","cash":"11211531000.00","totalCurrentLiabilities":"22434592000.00","shortLongTermDebt":"18189000.00","otherStockholderEquity":"46175079000.00","propertyPlantEquipment":"36455962000.00","totalCurrentAssets":"16468604000.00","longTermInvestments":"38656303000.00","netTangibleAssets":"67838733000.00","shortTermInvestments":"2901110000.00","netReceivables":"1966362000.00","longTermDebt":"18189000.00","inventory":"180617000.00","accountsPayable":"4251180000.00"},"quarterly_last_2":{"date":"2018-12-31","filing_date":null,"intangibleAssets":"722371000.00","totalLiab":"24552631000.00","totalStockholderEquity":"62280259000.00","deferredLongTermLiab":null,"otherCurrentLiab":"7979327000.00","totalAssets":"87383831000.00","commonStock":"22016875000.00","otherCurrentAssets":null,"retainedEarnings":"42569366000.00","otherLiab":"562708000.00","goodWill":null,"otherAssets":"5047094000.00","cash":"14504823000.00","totalCurrentLiabilities":"23738531000.00","shortLongTermDebt":"16548000.00","otherStockholderEquity":"-2305982000.00","propertyPlantEquipment":"31359096000.00","totalCurrentAssets":"18313036000.00","longTermInvestments":"31942234000.00","netTangibleAssets":"61557888000.00","shortTermInvestments":"1543905000.00","netReceivables":"1917100000.00","longTermDebt":"27391000.00","inventory":"189799000.00","accountsPayable":"4447214000.00"},"quarterly_last_3":{"date":"2018-09-30","filing_date":null,"intangibleAssets":"722371000.00","totalLiab":"24552631000.00","totalStockholderEquity":"62280259000.00","deferredLongTermLiab":null,"otherCurrentLiab":"7979327000.00","totalAssets":"87383831000.00","commonStock":"22016875000.00","otherCurrentAssets":null,"retainedEarnings":"42569366000.00","otherLiab":"562708000.00","goodWill":null,"otherAssets":"5047094000.00","cash":"14504823000.00","totalCurrentLiabilities":"23738531000.00","shortLongTermDebt":"16548000.00","otherStockholderEquity":"-2305982000.00","propertyPlantEquipment":"31359096000.00","totalCurrentAssets":"18313036000.00","longTermInvestments":"31942234000.00","netTangibleAssets":"61557888000.00","shortTermInvestments":"1543905000.00","netReceivables":"1917100000.00","longTermDebt":"27391000.00","inventory":"189799000.00","accountsPayable":"4447214000.00"},"yearly_last_0":{"date":"2018-12-31","filing_date":null,"intangibleAssets":"722371000.00","totalLiab":"24552631000.00","totalStockholderEquity":"62280259000.00","deferredLongTermLiab":null,"otherCurrentLiab":"7979327000.00","totalAssets":"87383831000.00","commonStock":"22016875000.00","otherCurrentAssets":null,"retainedEarnings":"42569366000.00","otherLiab":"562708000.00","goodWill":null,"otherAssets":"5047094000.00","cash":"14504823000.00","totalCurrentLiabilities":"23738531000.00","shortLongTermDebt":"16548000.00","otherStockholderEquity":"-2305982000.00","propertyPlantEquipment":"31359096000.00","totalCurrentAssets":"18313036000.00","longTermInvestments":"31942234000.00","netTangibleAssets":"61557888000.00","shortTermInvestments":"1543905000.00","netReceivables":"1917100000.00","longTermDebt":"27391000.00","inventory":"189799000.00","accountsPayable":"4447214000.00"},"yearly_last_1":{"date":"2017-12-31","filing_date":null,"intangibleAssets":"921019000.00","totalLiab":"27799089000.00","totalStockholderEquity":"55481697000.00","deferredLongTermLiab":null,"otherCurrentLiab":"10703990000.00","totalAssets":"83814682000.00","commonStock":"21468700000.00","otherCurrentAssets":null,"retainedEarnings":"32978517000.00","otherLiab":"504244000.00","goodWill":null,"otherAssets":"5138647000.00","cash":"17600349000.00","totalCurrentLiabilities":"27035453000.00","shortLongTermDebt":"348123000.00","otherStockholderEquity":"1034480000.00","propertyPlantEquipment":"31801690000.00","totalCurrentAssets":"20101411000.00","longTermInvestments":"25851915000.00","netTangibleAssets":"54560678000.00","shortTermInvestments":"140012000.00","netReceivables":"2050012000.00","longTermDebt":"46058000.00","inventory":"171443000.00","accountsPayable":"4396430000.00"},"yearly_last_2":{"date":"2016-12-31","filing_date":null,"intangibleAssets":"1138488000.00","totalLiab":"19398017000.00","totalStockholderEquity":"46345350000.00","deferredLongTermLiab":null,"otherCurrentLiab":"8291107000.00","totalAssets":"66261030000.00","commonStock":"20106376000.00","otherCurrentAssets":null,"retainedEarnings":"24995298000.00","otherLiab":"550666000.00","goodWill":null,"otherAssets":"5260479000.00","cash":"19955892000.00","totalCurrentLiabilities":"18321373000.00","shortLongTermDebt":"111793000.00","otherStockholderEquity":"1243676000.00","propertyPlantEquipment":"33502151000.00","totalCurrentAssets":"22031758000.00","longTermInvestments":"4328154000.00","netTangibleAssets":"45206862000.00","shortTermInvestments":"11178000.00","netReceivables":"1780974000.00","longTermDebt":"324200000.00","inventory":"158367000.00","accountsPayable":"2267190000.00"},"yearly_last_3":{"date":"2015-12-31","filing_date":null,"intangibleAssets":"1341213000.00","totalLiab":"13641004000.00","totalStockholderEquity":"41101439000.00","deferredLongTermLiab":null,"otherCurrentLiab":"7540046000.00","totalAssets":"55354341000.00","commonStock":"19952107000.00","otherCurrentAssets":"9103000.00","retainedEarnings":"20082005000.00","otherLiab":"724729000.00","goodWill":null,"otherAssets":"5423489000.00","cash":"8441429000.00","totalCurrentLiabilities":"12244814000.00","shortLongTermDebt":"47744000.00","otherStockholderEquity":"1067327000.00","propertyPlantEquipment":"35690673000.00","totalCurrentAssets":"11199215000.00","longTermInvestments":"1699751000.00","netTangibleAssets":"39760226000.00","shortTermInvestments":null,"netReceivables":"2440887000.00","longTermDebt":"465504000.00","inventory":"150789000.00","accountsPayable":"1667062000.00"}},"Cash_Flow":{"currency_symbol":"HKD","quarterly_last_0":{"date":"2019-06-30","filing_date":null,"investments":null,"changeToLiabilities":"0.00","totalCashflowsFromInvestingActivities":"-3621529000.00","netBorrowings":null,"totalCashFromFinancingActivities":"-2041738000.00","changeToOperatingActivities":null,"netIncome":"3339876000.00","changeInCash":"-1499398000.00","totalCashFromOperatingActivities":"4173108000.00","depreciation":"825232000.00","otherCashflowsFromInvestingActivities":"-2706029000.00","dividendsPaid":null,"changeToInventory":null,"changeToAccountReceivables":null,"salePurchaseOfStock":null,"otherCashflowsFromFinancingActivities":"-1173755500.00","changeToNetincome":"1415500.00","capitalExpenditures":"902000000.00"},"quarterly_last_1":{"date":"2019-03-31","filing_date":null,"investments":null,"changeToLiabilities":"0.00","totalCashflowsFromInvestingActivities":"-3621529000.00","netBorrowings":null,"totalCashFromFinancingActivities":"-2041738000.00","changeToOperatingActivities":null,"netIncome":"3339876000.00","changeInCash":"-1499398000.00","totalCashFromOperatingActivities":"4173108000.00","depreciation":"825232000.00","otherCashflowsFromInvestingActivities":"-2706029000.00","dividendsPaid":null,"changeToInventory":null,"changeToAccountReceivables":null,"salePurchaseOfStock":null,"otherCashflowsFromFinancingActivities":"-1173755500.00","changeToNetincome":"1415500.00","capitalExpenditures":"902000000.00"},"quarterly_last_2":{"date":"2018-12-31","filing_date":null,"investments":"-5311790000.00","changeToLiabilities":"-959141000.00","totalCashflowsFromInvestingActivities":"-142753500.00","netBorrowings":"-431873000.00","totalCashFromFinancingActivities":"-918930500.00","changeToOperatingActivities":"2816000.00","netIncome":"3150510000.00","changeInCash":"2922385000.00","totalCashFromOperatingActivities":"3986830500.00","depreciation":"818891000.00","otherCashflowsFromInvestingActivities":"5881649000.00","dividendsPaid":null,"changeToInventory":"-9178000.00","changeToAccountReceivables":"81016500.00","salePurchaseOfStock":null,"otherCashflowsFromFinancingActivities":"555449000.00","changeToNetincome":"873086500.00","capitalExpenditures":"729368500.00"},"quarterly_last_3":{"date":"2018-09-30","filing_date":null,"investments":"-5311790000.00","changeToLiabilities":"-959141000.00","totalCashflowsFromInvestingActivities":"-142753500.00","netBorrowings":"-431873000.00","totalCashFromFinancingActivities":"-918930500.00","changeToOperatingActivities":"2816000.00","netIncome":"3150510000.00","changeInCash":"2922385000.00","totalCashFromOperatingActivities":"3986830500.00","depreciation":"818891000.00","otherCashflowsFromInvestingActivities":"5881649000.00","dividendsPaid":null,"changeToInventory":"-9178000.00","changeToAccountReceivables":"81016500.00","salePurchaseOfStock":null,"otherCashflowsFromFinancingActivities":"555449000.00","changeToNetincome":"873086500.00","capitalExpenditures":"729368500.00"},"yearly_last_0":{"date":"2018-12-31","filing_date":null,"investments":"-10623580000.00","changeToLiabilities":"-1918282000.00","totalCashflowsFromInvestingActivities":"-11238377000.00","netBorrowings":"-863746000.00","totalCashFromFinancingActivities":"-4461669000.00","changeToOperatingActivities":"5632000.00","netIncome":"13507389000.00","changeInCash":"-1924328000.00","totalCashFromOperatingActivities":"13783715000.00","depreciation":"3197078000.00","otherCashflowsFromInvestingActivities":"2371428000.00","dividendsPaid":null,"changeToInventory":"-18356000.00","changeToAccountReceivables":"162033000.00","salePurchaseOfStock":null,"otherCashflowsFromFinancingActivities":"-26425000.00","changeToNetincome":"-1270614000.00","capitalExpenditures":"3008737000.00"},"yearly_last_1":{"date":"2017-12-31","filing_date":"0000-00-00","investments":"-21031980000.00","changeToLiabilities":"5305941000.00","totalCashflowsFromInvestingActivities":"-11116521000.00","netBorrowings":"3698681000.00","totalCashFromFinancingActivities":"1480394000.00","changeToOperatingActivities":"95758000.00","netIncome":"10504361000.00","changeInCash":"8898964000.00","totalCashFromOperatingActivities":"18519720000.00","depreciation":"3222988000.00","otherCashflowsFromInvestingActivities":"11919900000.00","dividendsPaid":null,"changeToInventory":"-9807000.00","changeToAccountReceivables":"-325885000.00","salePurchaseOfStock":"348459000.00","otherCashflowsFromFinancingActivities":"-22749000.00","changeToNetincome":"-399313000.00","capitalExpenditures":"2008270000.00"},"yearly_last_2":{"date":"2016-12-31","filing_date":"0000-00-00","investments":"-2668272000.00","changeToLiabilities":"2051965000.00","totalCashflowsFromInvestingActivities":"-17337158000.00","netBorrowings":"4804439000.00","totalCashFromFinancingActivities":"3449921000.00","changeToOperatingActivities":"7626000.00","netIncome":"6283397000.00","changeInCash":"-1175752000.00","totalCashFromOperatingActivities":"12731905000.00","depreciation":"3446999000.00","otherCashflowsFromInvestingActivities":"-12562784000.00","dividendsPaid":null,"changeToInventory":"-7578000.00","changeToAccountReceivables":"648963000.00","salePurchaseOfStock":"108872000.00","otherCashflowsFromFinancingActivities":"-55092000.00","changeToNetincome":"174955000.00","capitalExpenditures":"2075014000.00"},"yearly_last_3":{"date":"2015-12-31","filing_date":"0000-00-00","investments":"-326031000.00","changeToLiabilities":"-388782000.00","totalCashflowsFromInvestingActivities":"-5752298000.00","netBorrowings":"410623000.00","totalCashFromFinancingActivities":"-1197030000.00","changeToOperatingActivities":"-103322000.00","netIncome":"4161050000.00","changeInCash":"-351733000.00","totalCashFromOperatingActivities":"6625557000.00","depreciation":"2959996000.00","otherCashflowsFromInvestingActivities":"1796556000.00","dividendsPaid":null,"changeToInventory":"-7328000.00","changeToAccountReceivables":"-333907000.00","salePurchaseOfStock":"124694000.00","otherCashflowsFromFinancingActivities":"55264000.00","changeToNetincome":"211554000.00","capitalExpenditures":"6541429000.00"}},"Income_Statement":{"currency_symbol":"HKD","quarterly_last_0":{"date":"2019-06-30","filing_date":null,"researchDevelopment":null,"effectOfAccountingCharges":null,"incomeBeforeTax":"3396376000.00","minorityInterest":"570847000.00","netIncome":"3339876000.00","sellingGeneralAdministrative":null,"grossProfit":"10869203000.00","ebit":"3012225000.00","operatingIncome":"3012225000.00","otherOperatingExpenses":"7025161500.00","interestExpense":"-43015500.00","extraordinaryItems":null,"nonRecurring":null,"otherItems":null,"incomeTaxExpense":"35664000.00","totalRevenue":"13109735500.00","totalOperatingExpenses":"10097510500.00","costOfRevenue":"2240532500.00","totalOtherIncomeExpenseNet":"384151000.00","discontinuedOperations":null,"netIncomeFromContinuingOps":"3360712000.00","netIncomeApplicableToCommonShares":"3339876000.00"},"quarterly_last_1":{"date":"2019-03-31","filing_date":null,"researchDevelopment":null,"effectOfAccountingCharges":null,"incomeBeforeTax":"3396376000.00","minorityInterest":"570847000.00","netIncome":"3339876000.00","sellingGeneralAdministrative":null,"grossProfit":"10869203000.00","ebit":"3012225000.00","operatingIncome":"3012225000.00","otherOperatingExpenses":"7025161500.00","interestExpense":"-43015500.00","extraordinaryItems":null,"nonRecurring":null,"otherItems":null,"incomeTaxExpense":"35664000.00","totalRevenue":"13109735500.00","totalOperatingExpenses":"10097510500.00","costOfRevenue":"2240532500.00","totalOtherIncomeExpenseNet":"384151000.00","discontinuedOperations":null,"netIncomeFromContinuingOps":"3360712000.00","netIncomeApplicableToCommonShares":"3339876000.00"},"quarterly_last_2":{"date":"2018-12-31","filing_date":null,"researchDevelopment":null,"effectOfAccountingCharges":null,"incomeBeforeTax":"3143644000.00","minorityInterest":"550941000.00","netIncome":"3150510000.00","sellingGeneralAdministrative":"22569000.00","grossProfit":"11239361500.00","ebit":"2848655000.00","operatingIncome":"2848655000.00","otherOperatingExpenses":"7542986000.00","interestExpense":"-41609500.00","extraordinaryItems":null,"nonRecurring":null,"otherItems":null,"incomeTaxExpense":"-16121000.00","totalRevenue":"13576248000.00","totalOperatingExpenses":"10727593000.00","costOfRevenue":"2336886500.00","totalOtherIncomeExpenseNet":"294989000.00","discontinuedOperations":null,"netIncomeFromContinuingOps":"3159765000.00","netIncomeApplicableToCommonShares":"3150510000.00"},"quarterly_last_3":{"date":"2018-09-30","filing_date":null,"researchDevelopment":null,"effectOfAccountingCharges":null,"incomeBeforeTax":"3143644000.00","minorityInterest":"550941000.00","netIncome":"3150510000.00","sellingGeneralAdministrative":"22569000.00","grossProfit":"11239361500.00","ebit":"2848655000.00","operatingIncome":"2848655000.00","otherOperatingExpenses":"7542986000.00","interestExpense":"-41609500.00","extraordinaryItems":null,"nonRecurring":null,"otherItems":null,"incomeTaxExpense":"-16121000.00","totalRevenue":"13576248000.00","totalOperatingExpenses":"10727593000.00","costOfRevenue":"2336886500.00","totalOtherIncomeExpenseNet":"294989000.00","discontinuedOperations":null,"netIncomeFromContinuingOps":"3159765000.00","netIncomeApplicableToCommonShares":"3150510000.00"},"yearly_last_0":{"date":"2018-12-31","filing_date":null,"researchDevelopment":null,"effectOfAccountingCharges":null,"incomeBeforeTax":"13613769000.00","minorityInterest":"550941000.00","netIncome":"13507389000.00","sellingGeneralAdministrative":"90156000.00","grossProfit":"46226950000.00","ebit":"12218714000.00","operatingIncome":"12218714000.00","otherOperatingExpenses":"30692323000.00","interestExpense":"-135970000.00","extraordinaryItems":null,"nonRecurring":null,"otherItems":null,"incomeTaxExpense":"43485000.00","totalRevenue":"55210901000.00","totalOperatingExpenses":"42992187000.00","costOfRevenue":"8983951000.00","totalOtherIncomeExpenseNet":"1395055000.00","discontinuedOperations":null,"netIncomeFromContinuingOps":"13570284000.00","netIncomeApplicableToCommonShares":"13507389000.00"},"yearly_last_1":{"date":"2017-12-31","filing_date":"0000-00-00","researchDevelopment":null,"effectOfAccountingCharges":null,"incomeBeforeTax":"10628377000.00","minorityInterest":"533896000.00","netIncome":"10504361000.00","sellingGeneralAdministrative":"89075000.00","grossProfit":"40009622000.00","ebit":"9850470000.00","operatingIncome":"9850470000.00","otherOperatingExpenses":"26810487000.00","interestExpense":"-63691000.00","extraordinaryItems":null,"nonRecurring":null,"otherItems":null,"incomeTaxExpense":"112775000.00","totalRevenue":"48639742000.00","totalOperatingExpenses":"38789272000.00","costOfRevenue":"8630120000.00","totalOtherIncomeExpenseNet":"777907000.00","discontinuedOperations":null,"netIncomeFromContinuingOps":"10515602000.00","netIncomeApplicableToCommonShares":"10504361000.00"},"yearly_last_2":{"date":"2016-12-31","filing_date":"0000-00-00","researchDevelopment":null,"effectOfAccountingCharges":null,"incomeBeforeTax":"6348062000.00","minorityInterest":"517663000.00","netIncome":"6283397000.00","sellingGeneralAdministrative":"89229000.00","grossProfit":"33772838000.00","ebit":"6114463000.00","operatingIncome":"6114463000.00","otherOperatingExpenses":"24085798000.00","interestExpense":"-43366000.00","extraordinaryItems":null,"nonRecurring":null,"otherItems":null,"incomeTaxExpense":"76656000.00","totalRevenue":"52826115000.00","totalOperatingExpenses":"46711652000.00","costOfRevenue":"19053277000.00","totalOtherIncomeExpenseNet":"233599000.00","discontinuedOperations":null,"netIncomeFromContinuingOps":"6271406000.00","netIncomeApplicableToCommonShares":"6283397000.00"},"yearly_last_3":{"date":"2015-12-31","filing_date":"0000-00-00","researchDevelopment":null,"effectOfAccountingCharges":null,"incomeBeforeTax":"4208730000.00","minorityInterest":"611898000.00","netIncome":"4161050000.00","sellingGeneralAdministrative":"89229000.00","grossProfit":"30561187000.00","ebit":"4240210000.00","operatingIncome":"4240210000.00","otherOperatingExpenses":"23234685000.00","interestExpense":"-30856000.00","extraordinaryItems":null,"nonRecurring":null,"otherItems":null,"incomeTaxExpense":"82441000.00","totalRevenue":"50990813000.00","totalOperatingExpenses":"46750603000.00","costOfRevenue":"20429626000.00","totalOtherIncomeExpenseNet":"-31480000.00","discontinuedOperations":null,"netIncomeFromContinuingOps":"4126289000.00","netIncomeApplicableToCommonShares":"4161050000.00"}}}},"9":{"General":{"Code":"CUBB","Type":"Common Stock","Name":"China Water Affairs Group Limited","Exchange":"F","CurrencyCode":"EUR","CurrencyName":"Euro","CurrencySymbol":"\u20ac","CountryName":"Germany","CountryISO":"DE","ISIN":null,"Sector":"Utilities","Industry":"Utilities - Regulated Water","Description":"China Water Affairs Group Limited, an investment holding company, engages in the water supply, sewage treatment, and property businesses in the People's Republic of China. The company's City Water Supply Operation and Construction segment is involved in the water supply operation and construction services. Its Environmental Protection segment engages in the sewage treatment and drainage operation and construction, solid waste and hazardous waste, environmental sanitation, and water environment management businesses. The company's Property Development and Investment segment develops properties for sale and invests in properties. It is also involved in the development and infrastructure of sightseeing area; provision of water environmental renovation infrastructure; and investment, construction, and operation of water conservation and hydropower related projects, as well as energy conservation and environmental protection and hotel operations. The company was formerly known as China Silver Dragon Group Limited and changed its name to China Water Affairs Group Limited in December 2004. China Water Affairs Group Limited is headquartered in Wanchai, Hong Kong.","FullTimeEmployees":8300,"UpdatedAt":"2019-09-24"},"Highlights":{"MarketCapitalization":1177567232,"MarketCapitalizationMln":"1177.5672","EBITDA":null,"PERatio":"7.2727","PEGRatio":"0.0000","WallStreetTargetPrice":null,"BookValue":"0.5710","DividendShare":"0.0400","DividendYield":"0.0493","EarningsShare":"0.0990","EPSEstimateCurrentYear":null,"EPSEstimateNextYear":null,"EPSEstimateNextQuarter":null,"MostRecentQuarter":"2019-03-31","ProfitMargin":"0.1649","OperatingMarginTTM":"0.0000","ReturnOnAssetsTTM":"0.0542","ReturnOnEquityTTM":"0.1771","RevenueTTM":null,"RevenuePerShareTTM":null,"QuarterlyRevenueGrowthYOY":"0.0230","GrossProfitTTM":"3463839000.00","DilutedEpsTTM":"0.0990","QuarterlyEarningsGrowthYOY":"0.2050"},"Valuation":{"TrailingPE":"7.2727","ForwardPE":null,"PriceSalesTTM":null,"PriceBookMRQ":"1.2609","EnterpriseValueRevenue":null,"EnterpriseValueEbitda":null},"Technicals":{"Beta":"0.5224","52WeekHigh":"1.0200","52WeekLow":"0.6150","50DayMA":"0.7090","200DayMA":"0.8378","SharesShort":null,"SharesShortPriorMonth":null,"ShortRatio":null,"ShortPercent":null},"SplitsDividends":{"ForwardAnnualDividendRate":"0.0400","ForwardAnnualDividendYield":"0.0493","PayoutRatio":"0.3173","DividendDate":"0000-00-00","ExDividendDate":"2019-09-10","LastSplitFactor":"","LastSplitDate":"0000-00-00"},"Earnings":{"Last_0":{"date":"0000-00-00","epsActual":0,"epsEstimate":0,"epsDifference":0,"surprisePercent":0},"Last_1":{"date":"0000-00-00","epsActual":0,"epsEstimate":0,"epsDifference":0,"surprisePercent":0},"Last_2":{"date":"0000-00-00","epsActual":0,"epsEstimate":0,"epsDifference":0,"surprisePercent":0},"Last_3":{"date":"0000-00-00","epsActual":0,"epsEstimate":0,"epsDifference":0,"surprisePercent":0}},"Financials":{"Balance_Sheet":{"currency_symbol":"CNY","quarterly_last_0":{"date":"2019-03-31","filing_date":null,"intangibleAssets":"15293235000.00","totalLiab":"22922166000.00","totalStockholderEquity":"7970466000.00","deferredLongTermLiab":null,"otherCurrentLiab":"3531105000.00","totalAssets":"35824636000.00","commonStock":"16089000.00","otherCurrentAssets":"644524000.00","retainedEarnings":"7298514000.00","otherLiab":"1381439000.00","goodWill":"1220394000.00","otherAssets":"5169301000.00","cash":"3973315000.00","totalCurrentLiabilities":"10018812000.00","shortLongTermDebt":"3694262000.00","otherStockholderEquity":"-6055000.00","propertyPlantEquipment":"2019900000.00","totalCurrentAssets":"11331840000.00","longTermInvestments":"789966000.00","netTangibleAssets":"-8543163000.00","shortTermInvestments":null,"netReceivables":"3401627000.00","longTermDebt":"11521915000.00","inventory":"2621069000.00","accountsPayable":"2410098000.00"},"quarterly_last_1":{"date":"2018-12-31","filing_date":null,"intangibleAssets":"15293235000.00","totalLiab":"22922166000.00","totalStockholderEquity":"7970466000.00","deferredLongTermLiab":null,"otherCurrentLiab":"3531105000.00","totalAssets":"35824636000.00","commonStock":"16089000.00","otherCurrentAssets":"644524000.00","retainedEarnings":"7298514000.00","otherLiab":"1381439000.00","goodWill":"1220394000.00","otherAssets":"5169301000.00","cash":"3973315000.00","totalCurrentLiabilities":"10018812000.00","shortLongTermDebt":"3694262000.00","otherStockholderEquity":"-6055000.00","propertyPlantEquipment":"2019900000.00","totalCurrentAssets":"11331840000.00","longTermInvestments":"789966000.00","netTangibleAssets":"-8543163000.00","shortTermInvestments":null,"netReceivables":"3401627000.00","longTermDebt":"11521915000.00","inventory":"2621069000.00","accountsPayable":"2410098000.00"},"quarterly_last_2":{"date":"2018-09-30","filing_date":null,"intangibleAssets":"13701093000.00","totalLiab":"20932770000.00","totalStockholderEquity":"7213925000.00","deferredLongTermLiab":null,"otherCurrentLiab":"4176713000.00","totalAssets":"32318868000.00","commonStock":"16089000.00","otherCurrentAssets":"635341000.00","retainedEarnings":"6510733000.00","otherLiab":"1291909000.00","goodWill":"983768000.00","otherAssets":"4035411000.00","cash":"3807878000.00","totalCurrentLiabilities":"10355509000.00","shortLongTermDebt":"3457068000.00","otherStockholderEquity":"-232239000.00","propertyPlantEquipment":"1706476000.00","totalCurrentAssets":"11121320000.00","longTermInvestments":"770800000.00","netTangibleAssets":"-7470936000.00","shortTermInvestments":"154765000.00","netReceivables":"3405231000.00","longTermDebt":"9285352000.00","inventory":"2400962000.00","accountsPayable":"2357773000.00"},"quarterly_last_3":{"date":"2018-06-30","filing_date":null,"intangibleAssets":"13701093000.00","totalLiab":"20932770000.00","totalStockholderEquity":"7213925000.00","deferredLongTermLiab":null,"otherCurrentLiab":"4176713000.00","totalAssets":"32318868000.00","commonStock":"16089000.00","otherCurrentAssets":"635341000.00","retainedEarnings":"6510733000.00","otherLiab":"1291909000.00","goodWill":"983768000.00","otherAssets":"4035411000.00","cash":"3807878000.00","totalCurrentLiabilities":"10355509000.00","shortLongTermDebt":"3457068000.00","otherStockholderEquity":"-232239000.00","propertyPlantEquipment":"1706476000.00","totalCurrentAssets":"11121320000.00","longTermInvestments":"770800000.00","netTangibleAssets":"-7470936000.00","shortTermInvestments":"154765000.00","netReceivables":"3405231000.00","longTermDebt":"9285352000.00","inventory":"2400962000.00","accountsPayable":"2357773000.00"},"yearly_last_0":{"date":"2019-03-31","filing_date":null,"intangibleAssets":"15293235000.00","totalLiab":"22922166000.00","totalStockholderEquity":"7970466000.00","deferredLongTermLiab":null,"otherCurrentLiab":"3531105000.00","totalAssets":"35824636000.00","commonStock":"16089000.00","otherCurrentAssets":"644524000.00","retainedEarnings":"7298514000.00","otherLiab":"1381439000.00","goodWill":"1220394000.00","otherAssets":"5169301000.00","cash":"3973315000.00","totalCurrentLiabilities":"10018812000.00","shortLongTermDebt":"3694262000.00","otherStockholderEquity":"-6055000.00","propertyPlantEquipment":"2019900000.00","totalCurrentAssets":"11331840000.00","longTermInvestments":"789966000.00","netTangibleAssets":"-8543163000.00","shortTermInvestments":null,"netReceivables":"3401627000.00","longTermDebt":"11521915000.00","inventory":"2621069000.00","accountsPayable":"2410098000.00"},"yearly_last_1":{"date":"2018-03-31","filing_date":null,"intangibleAssets":"12681425000.00","totalLiab":"17434878000.00","totalStockholderEquity":"7168584000.00","deferredLongTermLiab":null,"otherCurrentLiab":"2984802000.00","totalAssets":"28589287000.00","commonStock":"16089000.00","otherCurrentAssets":"569614000.00","retainedEarnings":"5913190000.00","otherLiab":"1275477000.00","goodWill":"817161000.00","otherAssets":"3694996000.00","cash":"2511390000.00","totalCurrentLiabilities":"8649152000.00","shortLongTermDebt":"3676405000.00","otherStockholderEquity":"126895000.00","propertyPlantEquipment":"1695029000.00","totalCurrentAssets":"9007961000.00","longTermInvestments":"692715000.00","netTangibleAssets":"-6330002000.00","shortTermInvestments":null,"netReceivables":"3070383000.00","longTermDebt":"7510249000.00","inventory":"2315181000.00","accountsPayable":"1625896000.00"},"yearly_last_2":{"date":"2017-03-31","filing_date":null,"intangibleAssets":"9629813000.00","totalLiab":"16668776000.00","totalStockholderEquity":"5615304000.00","deferredLongTermLiab":null,"otherCurrentLiab":"2650336000.00","totalAssets":"25631709000.00","commonStock":"15171000.00","otherCurrentAssets":"828311000.00","retainedEarnings":"4774304000.00","otherLiab":"1108752000.00","goodWill":"686427000.00","otherAssets":"3593830000.00","cash":"4313977000.00","totalCurrentLiabilities":"7392353000.00","shortLongTermDebt":"3530798000.00","otherStockholderEquity":"-368273000.00","propertyPlantEquipment":"1126821000.00","totalCurrentAssets":"9942360000.00","longTermInvestments":"652458000.00","netTangibleAssets":"-4700936000.00","shortTermInvestments":"1265000.00","netReceivables":"3049019000.00","longTermDebt":"8167671000.00","inventory":"1263630000.00","accountsPayable":"1097051000.00"},"yearly_last_3":{"date":"2016-03-31","filing_date":null,"intangibleAssets":"8041454000.00","totalLiab":"11524621000.00","totalStockholderEquity":"5263372000.00","deferredLongTermLiab":null,"otherCurrentLiab":"2370971000.00","totalAssets":"19971063000.00","commonStock":"15199000.00","otherCurrentAssets":"533766000.00","retainedEarnings":"3754835000.00","otherLiab":"862384000.00","goodWill":"663668000.00","otherAssets":"2356142000.00","cash":"2551836000.00","totalCurrentLiabilities":"5556971000.00","shortLongTermDebt":"2211658000.00","otherStockholderEquity":"-40310000.00","propertyPlantEquipment":"589755000.00","totalCurrentAssets":"6965922000.00","longTermInvestments":"1354122000.00","netTangibleAssets":"-3441750000.00","shortTermInvestments":"4133000.00","netReceivables":"2476308000.00","longTermDebt":"5105266000.00","inventory":"1085459000.00","accountsPayable":"855236000.00"}},"Cash_Flow":{"currency_symbol":"CNY","quarterly_last_0":{"date":"2019-03-31","filing_date":null,"investments":"106340000.00","changeToLiabilities":"571949000.00","totalCashflowsFromInvestingActivities":"-871912000.00","netBorrowings":"1955323000.00","totalCashFromFinancingActivities":"964448500.00","changeToOperatingActivities":"-555705000.00","netIncome":"361712500.00","changeInCash":"82718500.00","totalCashFromOperatingActivities":"-776000.00","depreciation":"118431000.00","otherCashflowsFromInvestingActivities":"493845000.00","dividendsPaid":"-217201500.00","changeToInventory":"-187434500.00","changeToAccountReceivables":"-493900000.00","salePurchaseOfStock":null,"otherCashflowsFromFinancingActivities":"-773673000.00","changeToNetincome":"153663000.00","capitalExpenditures":"112307500.00"},"quarterly_last_1":{"date":"2018-12-31","filing_date":null,"investments":"106340000.00","changeToLiabilities":"571949000.00","totalCashflowsFromInvestingActivities":"-871912000.00","netBorrowings":"1955323000.00","totalCashFromFinancingActivities":"964448500.00","changeToOperatingActivities":"-555705000.00","netIncome":"361712500.00","changeInCash":"82718500.00","totalCashFromOperatingActivities":"-776000.00","depreciation":"118431000.00","otherCashflowsFromInvestingActivities":"493845000.00","dividendsPaid":"-217201500.00","changeToInventory":"-187434500.00","changeToAccountReceivables":"-493900000.00","salePurchaseOfStock":null,"otherCashflowsFromFinancingActivities":"-773673000.00","changeToNetincome":"153663000.00","capitalExpenditures":"112307500.00"},"quarterly_last_2":{"date":"2018-09-30","filing_date":null,"investments":"106340000.00","changeToLiabilities":"0.00","totalCashflowsFromInvestingActivities":"-812989500.00","netBorrowings":"1955323000.00","totalCashFromFinancingActivities":"940183500.00","changeToOperatingActivities":"-555705000.00","netIncome":"322905000.00","changeInCash":"648244000.00","totalCashFromOperatingActivities":"509800000.00","depreciation":"112026000.00","otherCashflowsFromInvestingActivities":"-812989500.00","dividendsPaid":"-217201500.00","changeToInventory":"-187434500.00","changeToAccountReceivables":"-493900000.00","salePurchaseOfStock":null,"otherCashflowsFromFinancingActivities":"940183500.00","changeToNetincome":"74869000.00","capitalExpenditures":"112307500.00"},"quarterly_last_3":{"date":"2018-06-30","filing_date":null,"investments":"106340000.00","changeToLiabilities":"0.00","totalCashflowsFromInvestingActivities":"-812989500.00","netBorrowings":"1955323000.00","totalCashFromFinancingActivities":"940183500.00","changeToOperatingActivities":"-555705000.00","netIncome":"322905000.00","changeInCash":"648244000.00","totalCashFromOperatingActivities":"509800000.00","depreciation":"112026000.00","otherCashflowsFromInvestingActivities":"-812989500.00","dividendsPaid":"-217201500.00","changeToInventory":"-187434500.00","changeToAccountReceivables":"-493900000.00","salePurchaseOfStock":null,"otherCashflowsFromFinancingActivities":"940183500.00","changeToNetincome":"74869000.00","capitalExpenditures":"112307500.00"},"yearly_last_0":{"date":"2019-03-31","filing_date":null,"investments":"212680000.00","changeToLiabilities":"1143898000.00","totalCashflowsFromInvestingActivities":"-3369803000.00","netBorrowings":"3910646000.00","totalCashFromFinancingActivities":"3809264000.00","changeToOperatingActivities":"-1111410000.00","netIncome":"1369235000.00","changeInCash":"1461925000.00","totalCashFromOperatingActivities":"1018048000.00","depreciation":"460914000.00","otherCashflowsFromInvestingActivities":"-638289000.00","dividendsPaid":"-434403000.00","changeToInventory":"-374869000.00","changeToAccountReceivables":"-987800000.00","salePurchaseOfStock":null,"otherCashflowsFromFinancingActivities":"333021000.00","changeToNetincome":"457064000.00","capitalExpenditures":"224615000.00"},"yearly_last_1":{"date":"2018-03-31","filing_date":"0000-00-00","investments":"-251555000.00","changeToLiabilities":"470629000.00","totalCashflowsFromInvestingActivities":"-2166822000.00","netBorrowings":"-820823000.00","totalCashFromFinancingActivities":"-1054169000.00","changeToOperatingActivities":"-600964000.00","netIncome":"1140518000.00","changeInCash":"-1802587000.00","totalCashFromOperatingActivities":"1329724000.00","depreciation":"384273000.00","otherCashflowsFromInvestingActivities":"749500000.00","dividendsPaid":"-231391000.00","changeToInventory":"-544567000.00","changeToAccountReceivables":"-128017000.00","salePurchaseOfStock":null,"otherCashflowsFromFinancingActivities":"-151179000.00","changeToNetincome":"552665000.00","capitalExpenditures":"199623000.00"},"yearly_last_2":{"date":"2017-03-31","filing_date":"0000-00-00","investments":"-85505000.00","changeToLiabilities":"330726000.00","totalCashflowsFromInvestingActivities":"-3542926000.00","netBorrowings":"4095096000.00","totalCashFromFinancingActivities":"3929871000.00","changeToOperatingActivities":"140928000.00","netIncome":"853634000.00","changeInCash":"1762141000.00","totalCashFromOperatingActivities":"1453379000.00","depreciation":"316110000.00","otherCashflowsFromInvestingActivities":"-1433701000.00","dividendsPaid":"-134737000.00","changeToInventory":"-232849000.00","changeToAccountReceivables":"-214675000.00","salePurchaseOfStock":"83500000.00","otherCashflowsFromFinancingActivities":"7614000.00","changeToNetincome":"196276000.00","capitalExpenditures":"91748000.00"},"yearly_last_3":{"date":"2016-03-31","filing_date":"0000-00-00","investments":"-3672000.00","changeToLiabilities":"229202000.00","totalCashflowsFromInvestingActivities":"-1677205000.00","netBorrowings":"1737676000.00","totalCashFromFinancingActivities":"1694139000.00","changeToOperatingActivities":"48251000.00","netIncome":"608112000.00","changeInCash":"1151088000.00","totalCashFromOperatingActivities":"1163083000.00","depreciation":"272503000.00","otherCashflowsFromInvestingActivities":"163863000.00","dividendsPaid":"-106390000.00","changeToInventory":"-114826000.00","changeToAccountReceivables":"-353057000.00","salePurchaseOfStock":"155010000.00","otherCashflowsFromFinancingActivities":"-92157000.00","changeToNetincome":"436160000.00","capitalExpenditures":"66601000.00"}},"Income_Statement":{"currency_symbol":"CNY","quarterly_last_0":{"date":"2019-03-31","filing_date":null,"researchDevelopment":null,"effectOfAccountingCharges":null,"incomeBeforeTax":"702366000.00","minorityInterest":"4932004000.00","netIncome":"361712500.00","sellingGeneralAdministrative":"215455000.00","grossProfit":"821841500.00","ebit":"668358000.00","operatingIncome":"668358000.00","otherOperatingExpenses":"-61971500.00","interestExpense":"-70991000.00","extraordinaryItems":null,"nonRecurring":null,"otherItems":null,"incomeTaxExpense":"130116000.00","totalRevenue":"2080195500.00","totalOperatingExpenses":"1411837500.00","costOfRevenue":"1258354000.00","totalOtherIncomeExpenseNet":"34008000.00","discontinuedOperations":null,"netIncomeFromContinuingOps":"572250000.00","netIncomeApplicableToCommonShares":"361712500.00"},"quarterly_last_1":{"date":"2018-12-31","filing_date":null,"researchDevelopment":null,"effectOfAccountingCharges":null,"incomeBeforeTax":"702366000.00","minorityInterest":"4932004000.00","netIncome":"361712500.00","sellingGeneralAdministrative":"215455000.00","grossProfit":"821841500.00","ebit":"668358000.00","operatingIncome":"668358000.00","otherOperatingExpenses":"-61971500.00","interestExpense":"-70991000.00","extraordinaryItems":null,"nonRecurring":null,"otherItems":null,"incomeTaxExpense":"130116000.00","totalRevenue":"2080195500.00","totalOperatingExpenses":"1411837500.00","costOfRevenue":"1258354000.00","totalOtherIncomeExpenseNet":"34008000.00","discontinuedOperations":null,"netIncomeFromContinuingOps":"572250000.00","netIncomeApplicableToCommonShares":"361712500.00"},"quarterly_last_2":{"date":"2018-09-30","filing_date":null,"researchDevelopment":null,"effectOfAccountingCharges":null,"incomeBeforeTax":"683663500.00","minorityInterest":"4172173000.00","netIncome":"322905000.00","sellingGeneralAdministrative":"207879000.00","grossProfit":"910078000.00","ebit":"728726000.00","operatingIncome":"728726000.00","otherOperatingExpenses":"-26527000.00","interestExpense":"-88601500.00","extraordinaryItems":null,"nonRecurring":null,"otherItems":null,"incomeTaxExpense":"190772000.00","totalRevenue":"2070910000.00","totalOperatingExpenses":"1342184000.00","costOfRevenue":"1160832000.00","totalOtherIncomeExpenseNet":"-45062500.00","discontinuedOperations":null,"netIncomeFromContinuingOps":"492891500.00","netIncomeApplicableToCommonShares":"322905000.00"},"quarterly_last_3":{"date":"2018-06-30","filing_date":null,"researchDevelopment":null,"effectOfAccountingCharges":null,"incomeBeforeTax":"683663500.00","minorityInterest":"4172173000.00","netIncome":"322905000.00","sellingGeneralAdministrative":"207879000.00","grossProfit":"910078000.00","ebit":"728726000.00","operatingIncome":"728726000.00","otherOperatingExpenses":"-26527000.00","interestExpense":"-88601500.00","extraordinaryItems":null,"nonRecurring":null,"otherItems":null,"incomeTaxExpense":"190772000.00","totalRevenue":"2070910000.00","totalOperatingExpenses":"1342184000.00","costOfRevenue":"1160832000.00","totalOtherIncomeExpenseNet":"-45062500.00","discontinuedOperations":null,"netIncomeFromContinuingOps":"492891500.00","netIncomeApplicableToCommonShares":"322905000.00"},"yearly_last_0":{"date":"2019-03-31","filing_date":null,"researchDevelopment":null,"effectOfAccountingCharges":null,"incomeBeforeTax":"2772059000.00","minorityInterest":"4932004000.00","netIncome":"1369235000.00","sellingGeneralAdministrative":"846668000.00","grossProfit":"3463839000.00","ebit":"2794168000.00","operatingIncome":"2794168000.00","otherOperatingExpenses":"-176997000.00","interestExpense":"-319185000.00","extraordinaryItems":null,"nonRecurring":null,"otherItems":null,"incomeTaxExpense":"641776000.00","totalRevenue":"8302211000.00","totalOperatingExpenses":"5508043000.00","costOfRevenue":"4838372000.00","totalOtherIncomeExpenseNet":"-22109000.00","discontinuedOperations":null,"netIncomeFromContinuingOps":"2130283000.00","netIncomeApplicableToCommonShares":"1369235000.00"},"yearly_last_1":{"date":"2018-03-31","filing_date":"0000-00-00","researchDevelopment":null,"effectOfAccountingCharges":null,"incomeBeforeTax":"2462111000.00","minorityInterest":"3985825000.00","netIncome":"1140518000.00","sellingGeneralAdministrative":"808234000.00","grossProfit":"3270636000.00","ebit":"2560610000.00","operatingIncome":"2560610000.00","otherOperatingExpenses":"-98800000.00","interestExpense":"-289062000.00","extraordinaryItems":null,"nonRecurring":null,"otherItems":null,"incomeTaxExpense":"700587000.00","totalRevenue":"7580176000.00","totalOperatingExpenses":"5019566000.00","costOfRevenue":"4309540000.00","totalOtherIncomeExpenseNet":"-98499000.00","discontinuedOperations":null,"netIncomeFromContinuingOps":"1761524000.00","netIncomeApplicableToCommonShares":"1140518000.00"},"yearly_last_2":{"date":"2017-03-31","filing_date":"0000-00-00","researchDevelopment":null,"effectOfAccountingCharges":null,"incomeBeforeTax":"1962625000.00","minorityInterest":"3347629000.00","netIncome":"853634000.00","sellingGeneralAdministrative":"764207000.00","grossProfit":"2484905000.00","ebit":"1801588000.00","operatingIncome":"1801588000.00","otherOperatingExpenses":"-94873000.00","interestExpense":"-251154000.00","extraordinaryItems":null,"nonRecurring":null,"otherItems":null,"incomeTaxExpense":"583279000.00","totalRevenue":"5707895000.00","totalOperatingExpenses":"3906307000.00","costOfRevenue":"3222990000.00","totalOtherIncomeExpenseNet":"161037000.00","discontinuedOperations":null,"netIncomeFromContinuingOps":"1379346000.00","netIncomeApplicableToCommonShares":"853634000.00"},"yearly_last_3":{"date":"2016-03-31","filing_date":"0000-00-00","researchDevelopment":null,"effectOfAccountingCharges":null,"incomeBeforeTax":"1505226000.00","minorityInterest":"3183070000.00","netIncome":"608112000.00","sellingGeneralAdministrative":"695014000.00","grossProfit":"2097935000.00","ebit":"1513990000.00","operatingIncome":"1513990000.00","otherOperatingExpenses":"-159051000.00","interestExpense":"-170824000.00","extraordinaryItems":null,"nonRecurring":null,"otherItems":null,"incomeTaxExpense":"405374000.00","totalRevenue":"4739902000.00","totalOperatingExpenses":"3225912000.00","costOfRevenue":"2641967000.00","totalOtherIncomeExpenseNet":"-8764000.00","discontinuedOperations":null,"netIncomeFromContinuingOps":"1099852000.00","netIncomeApplicableToCommonShares":"608112000.00"}}}}}